{"gold_per_floor":[112,112,37,37,51,99,30,30,30,30,75,105,114,148,148,148],"floor_reached":16,"playtime":563,"items_purged":["Shame"],"score":216,"play_id":"b946fd95-c0ef-47a7-a710-ef20b5bff245","local_time":"20220418180545","is_ascension_mode":true,"campfire_choices":[{"floor":8,"key":"REST"},{"data":"Loop","floor":10,"key":"SMITH"},{"data":"Barrage","floor":15,"key":"SMITH"}],"neow_cost":"CURSE","seed_source_timestamp":1256657599060200,"circlet_count":0,"master_deck":["AscendersBane","Strike_B","Defend_B","Defend_B","Defend_B","Zap","Dualcast","Leap","Chill","Barrage+1","Loop+1","Hyperbeam","Biased Cognition","Multi-Cast+1","Genetic Algorithm+1","Tempest+1","Go for the Eyes"],"relics":["Cracked Core","Golden Idol","CeramicFish","Toxic Egg 2","Blood Vial"],"potions_floor_usage":[14],"damage_taken":[{"damage":8,"enemies":"Small Slimes","floor":1,"turns":5},{"damage":4,"enemies":"2 Louse","floor":5,"turns":3},{"damage":38,"enemies":"Gremlin Nob","floor":6,"turns":4},{"damage":10,"enemies":"Lagavulin","floor":11,"turns":5},{"damage":16,"enemies":"Jaw Worm","floor":12,"turns":5},{"damage":13,"enemies":"Red Slaver","floor":14,"turns":2},{"damage":19,"enemies":"Hexaghost","floor":16,"turns":11}],"seed_played":"727060075825129805","potions_obtained":[{"floor":6,"key":"FairyPotion"},{"floor":11,"key":"Fire Potion"}],"is_trial":false,"path_per_floor":["M","?","$","?","M","E","$","R","T","R","E","M","?","M","R","B"],"character_chosen":"DEFECT","items_purchased":["Biased Cognition"],"campfire_rested":1,"item_purchase_floors":[7],"current_hp_per_floor":[56,56,56,49,45,7,7,26,26,26,16,2,2,19,19,2],"gold":148,"neow_bonus":"TRANSFORM_TWO_CARDS","is_prod":false,"is_daily":false,"chose_seed":false,"campfire_upgraded":2,"win_rate":0,"timestamp":1650330345,"path_taken":["M","?","$","?","?","E","?","R","T","R","E","?","?","M","R","BOSS"],"build_version":"2022-03-07","purchased_purges":1,"victory":false,"max_hp_per_floor":[71,64,64,64,64,64,64,64,64,64,64,64,64,64,64,64],"card_choices":[{"not_picked":["Streamline","Aggregate"],"picked":"Barrage","floor":1},{"not_picked":["Hologram","Undo"],"picked":"Loop","floor":5},{"not_picked":["Loop","Melter"],"picked":"Hyperbeam","floor":6},{"not_picked":["Double Energy+1","Sunder"],"picked":"Multi-Cast+1","floor":11},{"not_picked":["Tempest+1","Turbo+1"],"picked":"Genetic Algorithm+1","floor":12},{"not_picked":["Stack+1","Aggregate+1"],"picked":"Go for the Eyes","floor":14}],"player_experience":954862,"relics_obtained":[{"floor":6,"key":"CeramicFish"},{"floor":9,"key":"Toxic Egg 2"},{"floor":11,"key":"Blood Vial"}],"event_choices":[{"damage_healed":0,"gold_gain":0,"player_choice":"Lose Max HP","damage_taken":0,"relics_obtained":["Golden Idol"],"max_hp_gain":0,"max_hp_loss":7,"event_name":"Golden Idol","floor":2,"gold_loss":0},{"cards_removed":["Defend_B"],"damage_healed":0,"gold_gain":0,"player_choice":"Card Removal","damage_taken":7,"max_hp_gain":0,"max_hp_loss":0,"event_name":"Golden Wing","floor":4,"gold_loss":0},{"damage_healed":0,"gold_gain":0,"cards_transformed":["Strike_B"],"player_choice":"Change","damage_taken":0,"max_hp_gain":0,"max_hp_loss":0,"event_name":"Living Wall","floor":13,"gold_loss":0,"cards_obtained":["Tempest"]}],"is_beta":false,"boss_relics":[],"items_purged_floors":[3],"is_endless":false,"potions_floor_spawned":[6,11,12],"killed_by":"Hexaghost","ascension_level":20}