{"gold_per_floor":[113,113,124,135,201,201,231,231,231,265,281,351,361,105,105,179,179,194,214,278,253,68,68,87,87,111,176,176],"floor_reached":28,"playtime":5648,"items_purged":["Strike_G","Strike_G"],"score":468,"play_id":"91c302d0-9758-4eaa-81ab-7eade2635fd5","local_time":"20220504215846","is_ascension_mode":true,"campfire_choices":[{"data":"Poisoned Stab","floor":6,"key":"SMITH"},{"floor":8,"key":"REST"},{"data":"A Thousand Cuts","floor":15,"key":"SMITH"},{"floor":23,"key":"REST"},{"data":"Wraith Form v2","floor":25,"key":"SMITH"}],"neow_cost":"TEN_PERCENT_HP_LOSS","seed_source_timestamp":952452944809600,"circlet_count":0,"master_deck":["AscendersBane","Strike_G","Strike_G","Defend_G","Defend_G","Defend_G","Defend_G","Defend_G","Survivor","Neutralize","Thinking Ahead","Poisoned Stab+1","Poisoned Stab","Backflip","Backflip","Poisoned Stab","Blur","Bouncing Flask","A Thousand Cuts+1","Calculated Gamble","Noxious Fumes","Finesse","Wraith Form v2+1","Catalyst","Deflect","Malaise","PiercingWail","Escape Plan","Outmaneuver","Tactician"],"relics":["Ring of the Snake","SsserpentHead","InkBottle","Question Card","Mummified Hand","Runic Pyramid"],"potions_floor_usage":[4,7,16,20],"damage_taken":[{"damage":0,"enemies":"2 Louse","floor":1,"turns":3},{"damage":0,"enemies":"Cultist","floor":3,"turns":4},{"damage":0,"enemies":"Jaw Worm","floor":4,"turns":3},{"damage":12,"enemies":"Red Slaver","floor":5,"turns":6},{"damage":29,"enemies":"Gremlin Nob","floor":7,"turns":4},{"damage":17,"enemies":"3 Sentries","floor":10,"turns":9},{"damage":0,"enemies":"2 Fungi Beasts","floor":11,"turns":3},{"damage":1,"enemies":"Blue Slaver","floor":12,"turns":3},{"damage":1,"enemies":"Looter","floor":13,"turns":4},{"damage":11,"enemies":"The Guardian","floor":16,"turns":8},{"damage":15,"enemies":"Shell Parasite","floor":18,"turns":5},{"damage":9,"enemies":"3 Byrds","floor":19,"turns":3},{"damage":4,"enemies":"Cultist and Chosen","floor":20,"turns":7},{"damage":0,"enemies":"Snake Plant","floor":24,"turns":6},{"damage":0,"enemies":"Chosen and Byrds","floor":27,"turns":4},{"damage":56,"enemies":"Cultist and Chosen","floor":28,"turns":5}],"seed_played":"-987581671231577412","potions_obtained":[{"floor":3,"key":"Explosive Potion"},{"floor":4,"key":"Explosive Potion"},{"floor":10,"key":"ColorlessPotion"},{"floor":12,"key":"Strength Potion"},{"floor":13,"key":"GhostInAJar"},{"floor":19,"key":"GhostInAJar"},{"floor":24,"key":"CultistPotion"}],"is_trial":false,"path_per_floor":["M","?","M","M","M","R","E","R","T","E","M","M","M","$","R","B",null,"M","M","M","?","$","R","M","R","T","M","M"],"character_chosen":"THE_SILENT","items_purchased":["Noxious Fumes","Finesse","PiercingWail","Escape Plan"],"campfire_rested":2,"item_purchase_floors":[14,14,22,22],"current_hp_per_floor":[59,59,59,59,47,47,18,36,36,19,19,18,17,17,17,6,47,32,23,19,19,19,37,37,37,37,37,0],"gold":176,"neow_bonus":"RANDOM_COLORLESS_2","is_prod":false,"is_daily":false,"chose_seed":false,"campfire_upgraded":3,"win_rate":0,"timestamp":1651726726,"path_taken":["M","?","M","M","?","R","E","R","T","E","M","?","M","$","R","BOSS","M","M","?","?","?","R","M","R","T","?","M"],"build_version":"2022-03-07","purchased_purges":2,"victory":false,"max_hp_per_floor":[60,60,60,60,60,60,60,60,60,60,60,60,60,60,60,60,60,60,60,60,60,60,60,60,60,60,60,60],"card_choices":[{"not_picked":["The Bomb","Mayhem"],"picked":"Thinking Ahead","floor":0},{"not_picked":["Masterful Stab","Caltrops"],"picked":"Poisoned Stab","floor":1},{"not_picked":["Acrobatics","Setup"],"picked":"Poisoned Stab","floor":3},{"not_picked":["Endless Agony","Acrobatics"],"picked":"Backflip","floor":4},{"not_picked":["Prepared","Masterful Stab"],"picked":"Backflip","floor":5},{"not_picked":["Flying Knee","Accuracy"],"picked":"Poisoned Stab","floor":7},{"not_picked":["Endless Agony","Flying Knee","Underhanded Strike"],"picked":"Blur","floor":10},{"not_picked":["Well Laid Plans","Choke","Reflex"],"picked":"Bouncing Flask","floor":11},{"not_picked":["Flying Knee","Flechettes","Sucker Punch"],"picked":"A Thousand Cuts","floor":12},{"not_picked":["Dagger Spray","Poisoned Stab","Flying Knee"],"picked":"Calculated Gamble","floor":13},{"not_picked":["Night Terror","Malaise","Die Die Die"],"picked":"Wraith Form v2","floor":16},{"not_picked":["Sucker Punch","Riddle With Holes","Setup"],"picked":"Catalyst","floor":18},{"not_picked":["Backstab+1","Sucker Punch","Slice"],"picked":"Deflect","floor":19},{"not_picked":["Cloak And Dagger+1","Flying Knee","Sucker Punch"],"picked":"Malaise","floor":20},{"not_picked":["Blade Dance","Bane","Quick Slash"],"picked":"Outmaneuver","floor":24},{"not_picked":["Prepared+1","Reflex","Accuracy"],"picked":"Tactician","floor":27}],"player_experience":1022625,"relics_obtained":[{"floor":7,"key":"InkBottle"},{"floor":9,"key":"Question Card"},{"floor":10,"key":"Mummified Hand"}],"event_choices":[{"damage_healed":0,"gold_gain":0,"player_choice":"Trade","damage_taken":0,"relics_obtained":["SsserpentHead"],"max_hp_gain":0,"max_hp_loss":0,"event_name":"FaceTrader","floor":2,"gold_loss":0},{"cards_removed":["Strike_G"],"damage_healed":0,"gold_gain":0,"player_choice":"Gave Gold","damage_taken":0,"max_hp_gain":0,"max_hp_loss":0,"event_name":"Beggar","floor":21,"gold_loss":75}],"is_beta":false,"boss_relics":[{"not_picked":["Snecko Eye","Velvet Choker"],"picked":"Runic Pyramid"}],"items_purged_floors":[14,22],"is_endless":false,"potions_floor_spawned":[3,4,10,12,13,19,24],"killed_by":"Cultist and Chosen","ascension_level":20}