{"gold_per_floor":[116,116,134,147,157,157,191,191,217,250,260,291,291,291,291,368,368,378,378,48,68,81,81,110,128,182,200,200,250,280,295,295,295],"floor_reached":33,"playtime":1076,"items_purged":["Defend_P+1"],"score":764,"play_id":"aaf3e22a-e63b-4ad2-92b4-7165b5caabe5","local_time":"20220506114308","is_ascension_mode":true,"campfire_choices":[{"data":"SashWhip","floor":6.0,"key":"SMITH"},{"floor":8.0,"key":"REST"},{"floor":15.0,"key":"REST"},{"data":"TalkToTheHand","floor":23.0,"key":"SMITH"},{"data":"MentalFortress","floor":32.0,"key":"SMITH"}],"neow_cost":"PERCENT_DAMAGE","seed_source_timestamp":0,"circlet_count":0,"master_deck":["AscendersBane","Strike_P+1","Strike_P+1","Strike_P+1","Strike_P+1","Eruption","Vigilance","Halt+1","SashWhip+1","EmptyFist","Indignation+1","Protect","TalkToTheHand+1","Tantrum","MentalFortress+1","Wallop","EmptyMind+1","WheelKick","Halt"],"special_seed":0,"relics":["HolyWater","War Paint","Art of War","Bag of Marbles","Blood Vial","Akabeko","Bottled Tornado","Tiny Chest","StrikeDummy"],"potions_floor_usage":[],"damage_taken":[{"damage":0.0,"enemies":"Small Slimes","floor":1.0,"turns":2.0},{"damage":0.0,"enemies":"Cultist","floor":3.0,"turns":2.0},{"damage":0.0,"enemies":"2 Louse","floor":4.0,"turns":2.0},{"damage":0.0,"enemies":"Large Slime","floor":5.0,"turns":2.0},{"damage":20.0,"enemies":"Lagavulin","floor":7.0,"turns":5.0},{"damage":0.0,"enemies":"Gremlin Nob","floor":10.0,"turns":2.0},{"damage":0.0,"enemies":"3 Louse","floor":11.0,"turns":3.0},{"damage":22.0,"enemies":"3 Sentries","floor":12.0,"turns":7.0},{"damage":0.0,"enemies":"Slime Boss","floor":16.0,"turns":7.0},{"damage":14.0,"enemies":"2 Thieves","floor":18.0,"turns":3.0},{"damage":0.0,"enemies":"3 Byrds","floor":21.0,"turns":4.0},{"damage":5.0,"enemies":"Snecko","floor":22.0,"turns":3.0},{"damage":12.0,"enemies":"Slavers","floor":24.0,"turns":3.0},{"damage":7.0,"enemies":"Snake Plant","floor":25.0,"turns":3.0},{"damage":0.0,"enemies":"Centurion and Healer","floor":27.0,"turns":3.0},{"damage":8.0,"enemies":"Book of Stabbing","floor":30.0,"turns":4.0},{"damage":0.0,"enemies":"Sentry and Sphere","floor":31.0,"turns":3.0},{"damage":0,"enemies":"Automaton","floor":33,"turns":1}],"seed_played":"6741978109651508129","potions_obtained":[{"floor":3.0,"key":"FearPotion"},{"floor":4.0,"key":"Dexterity Potion"},{"floor":7.0,"key":"GamblersBrew"},{"floor":21.0,"key":"DistilledChaos"},{"floor":22.0,"key":"Ancient Potion"},{"floor":25.0,"key":"DuplicationPotion"},{"floor":31.0,"key":"DuplicationPotion"}],"is_trial":false,"path_per_floor":["M","?","M","M","M","R","E","R","T","E","M","E","?","?","R","B",null,"M","?","$","M","M","R","E","M","T","M","?","?","E","M","R","B"],"character_chosen":"WATCHER","items_purchased":["MentalFortress","Akabeko"],"campfire_rested":2,"item_purchase_floors":[20,20],"current_hp_per_floor":[43,43,43,43,43,43,23,43,43,43,43,21,3,3,23,25,57,45,45,45,47,44,44,34,29,29,31,31,31,25,27,27,29],"gold":295,"neow_bonus":"REMOVE_TWO","is_prod":false,"is_daily":false,"chose_seed":false,"campfire_upgraded":3,"win_rate":0,"timestamp":1651862588,"path_taken":["M","?","M","M","?","R","E","R","T","E","M","E","?","?","R","BOSS","M","?","$","M","M","R","E","M","T","M","?","?","E","M","R","BOSS"],"build_version":"2022-03-07","purchased_purges":1,"victory":false,"max_hp_per_floor":[68,68,68,68,68,68,68,68,68,68,68,68,68,68,68,68,68,68,68,68,68,68,68,68,68,68,68,68,68,68,68,68,68],"card_choices":[{"not_picked":["Prostrate","DeceiveReality"],"picked":"Halt","floor":1.0},{"not_picked":["Protect","CutThroughFate"],"picked":"SashWhip","floor":3.0},{"not_picked":["Protect","BowlingBash"],"picked":"EmptyFist","floor":4.0},{"not_picked":["ReachHeaven","Consecrate"],"picked":"Indignation","floor":5.0},{"not_picked":["Crescendo","Wireheading"],"picked":"Protect","floor":7.0},{"not_picked":["Indignation","Establishment"],"picked":"TalkToTheHand","floor":10.0},{"not_picked":["ReachHeaven","EmptyFist"],"picked":"Tantrum","floor":11.0},{"not_picked":["FollowUp","ForeignInfluence","SashWhip"],"picked":"SKIP","floor":12.0},{"not_picked":["PathToVictory+1","WindmillStrike","Crescendo"],"picked":"SKIP","floor":18.0},{"not_picked":["CutThroughFate","CarveReality+1"],"picked":"Wallop","floor":21.0},{"not_picked":["FlyingSleeves","SashWhip"],"picked":"EmptyMind+1","floor":22.0},{"not_picked":["Wallop","ForeignInfluence"],"picked":"WheelKick","floor":24.0},{"not_picked":["FollowUp","Consecrate","BowlingBash"],"picked":"SKIP","floor":25.0},{"not_picked":["ForeignInfluence","Crescendo"],"picked":"Halt","floor":27.0},{"not_picked":["SashWhip","Protect","Fasting2"],"picked":"SKIP","floor":30.0},{"not_picked":["LikeWater","Crescendo+1","EmptyBody"],"picked":"SKIP","floor":31.0}],"player_experience":1029911,"relics_obtained":[{"floor":7.0,"key":"War Paint"},{"floor":10.0,"key":"Art of War"},{"floor":12.0,"key":"Bag of Marbles"},{"floor":24.0,"key":"Bottled Tornado"},{"floor":26.0,"key":"Tiny Chest"},{"floor":30.0,"key":"StrikeDummy"}],"event_choices":[{"cards_removed":["Defend_P"],"damage_healed":0.0,"max_hp_gain":0.0,"max_hp_loss":0.0,"gold_gain":0.0,"event_name":"Bonfire Elementals","player_choice":"Offered Basic","floor":2.0,"gold_loss":0.0,"damage_taken":0.0},{"damage_healed":0.0,"max_hp_gain":0.0,"max_hp_loss":0.0,"gold_gain":0.0,"event_name":"Scrap Ooze","player_choice":"Fled","floor":13.0,"gold_loss":0.0,"damage_taken":18.0},{"damage_healed":0.0,"max_hp_gain":0.0,"max_hp_loss":0.0,"gold_gain":0.0,"event_name":"Dead Adventurer","player_choice":"Searched \u00272\u0027 times","floor":14.0,"gold_loss":0.0,"damage_taken":0.0,"relics_obtained":["Blood Vial"]},{"damage_healed":0.0,"max_hp_gain":0.0,"max_hp_loss":0.0,"gold_gain":0.0,"event_name":"Back to Basics","player_choice":"Simplicity","floor":19.0,"gold_loss":0.0,"damage_taken":0.0,"cards_upgraded":["Strike_P","Strike_P","Strike_P","Strike_P","Defend_P"]},{"damage_healed":0.0,"max_hp_gain":0.0,"max_hp_loss":0.0,"gold_gain":0.0,"event_name":"The Mausoleum","player_choice":"Ignored","floor":28.0,"gold_loss":0.0,"damage_taken":0.0},{"damage_healed":0.0,"max_hp_gain":0.0,"max_hp_loss":0.0,"gold_gain":50.0,"event_name":"Nest","player_choice":"Stole From Cult","floor":29.0,"gold_loss":0.0,"damage_taken":0.0}],"is_beta":false,"boss_relics":[{"not_picked":["SacredBark","Sozu"],"picked":"HolyWater"}],"items_purged_floors":[20],"is_endless":false,"potions_floor_spawned":[3,4,7,21,22,25,31],"killed_by":"Automaton","ascension_level":20}