{"gold_per_floor":[113,113,113,128,140,165,165,198,221,239,239,272,141,141,141,141],"floor_reached":16,"playtime":726,"items_purged":["Defend_B"],"score":236,"play_id":"5816c637-bea2-43df-b65e-0c1a7814e8df","local_time":"20220509220217","is_ascension_mode":true,"campfire_choices":[{"floor":7,"key":"REST"},{"floor":11,"key":"REST"},{"floor":15,"key":"REST"}],"neow_cost":"NONE","seed_source_timestamp":175378517400,"circlet_count":0,"master_deck":["AscendersBane","Strike_B","Strike_B","Strike_B","Defend_B","Defend_B","Defend_B","Zap","Dualcast","Hyperbeam","Rebound","Turbo","Conserve Battery","Fission","All For One","Gash","Gash"],"relics":["Cracked Core","Oddly Smooth Stone","CultistMask","Blood Vial","InkBottle","PreservedInsect","Art of War"],"potions_floor_usage":[6],"damage_taken":[{"damage":7,"enemies":"Jaw Worm","floor":1,"turns":3},{"damage":2,"enemies":"2 Louse","floor":4,"turns":2},{"damage":0,"enemies":"Cultist","floor":5,"turns":3},{"damage":35,"enemies":"Lagavulin","floor":6,"turns":10},{"damage":16,"enemies":"3 Sentries","floor":8,"turns":7},{"damage":0,"enemies":"Lots of Slimes","floor":10,"turns":1},{"damage":26,"enemies":"Lagavulin","floor":12,"turns":6},{"damage":22,"enemies":"The Guardian","floor":16,"turns":8}],"seed_played":"3232218577254913524","potions_obtained":[{"floor":5,"key":"SkillPotion"},{"floor":8,"key":"GamblersBrew"}],"is_trial":false,"path_per_floor":["M","?","?","M","M","E","R","E","T","M","R","E","$","?","R","B"],"character_chosen":"DEFECT","items_purchased":["Gash"],"campfire_rested":3,"item_purchase_floors":[13],"current_hp_per_floor":[57,39,39,37,37,2,23,9,9,11,32,8,8,8,29,9],"gold":141,"neow_bonus":"ONE_RANDOM_RARE_CARD","is_prod":false,"is_daily":false,"chose_seed":false,"campfire_upgraded":0,"win_rate":0,"timestamp":1652158937,"path_taken":["M","?","?","M","?","E","R","E","T","M","R","E","?","?","R","BOSS"],"build_version":"2022-03-07","purchased_purges":1,"victory":false,"max_hp_per_floor":[71,71,71,71,71,71,71,71,71,71,71,71,71,71,71,71],"card_choices":[{"not_picked":["Leap","Streamline"],"picked":"Rebound","floor":1},{"not_picked":["Barrage","Genetic Algorithm"],"picked":"Turbo","floor":4},{"not_picked":["Turbo","Barrage"],"picked":"Conserve Battery","floor":5},{"not_picked":["Loop","Coolheaded"],"picked":"Fission","floor":6},{"not_picked":["Rebound","Cold Snap"],"picked":"All For One","floor":8},{"not_picked":["Redo","Genetic Algorithm","Rebound"],"picked":"SKIP","floor":10},{"not_picked":["Ball Lightning","Stack","Cold Snap"],"picked":"SKIP","floor":12}],"player_experience":1064995,"relics_obtained":[{"floor":6,"key":"Blood Vial"},{"floor":8,"key":"InkBottle"},{"floor":9,"key":"PreservedInsect"},{"floor":12,"key":"Art of War"}],"event_choices":[{"damage_healed":0,"gold_gain":0,"player_choice":"Success","damage_taken":18,"relics_obtained":["Oddly Smooth Stone"],"max_hp_gain":0,"max_hp_loss":0,"event_name":"Scrap Ooze","floor":2,"gold_loss":0},{"damage_healed":0,"gold_gain":0,"player_choice":"Trade","damage_taken":0,"relics_obtained":["CultistMask"],"max_hp_gain":0,"max_hp_loss":0,"event_name":"FaceTrader","floor":3,"gold_loss":0},{"damage_healed":0,"gold_gain":0,"cards_transformed":["Strike_B"],"player_choice":"Transformed","damage_taken":0,"max_hp_gain":0,"max_hp_loss":0,"event_name":"Transmorgrifier","floor":14,"gold_loss":0,"cards_obtained":["Gash"]}],"is_beta":false,"boss_relics":[],"items_purged_floors":[13],"is_endless":false,"potions_floor_spawned":[5,8],"killed_by":"The Guardian","ascension_level":20}