{"gold_per_floor":[117,136,12,32,45,79,97,129,129,147,147,172,172,201,201,276,276,289,306,231,58,68,100,111,141,189,223,238,257,257,284,284,358,358,373,424,424,424,130,130,157,157,157,186,186,201,38,38,38,38,38,38,38,38,66,66],"floor_reached":56,"playtime":2302,"items_purged":["Defend_P+1"],"score":2276,"play_id":"7038b505-8d61-415a-b8ba-8aca7715ee31","local_time":"20220514134639","is_ascension_mode":true,"campfire_choices":[{"floor":11,"key":"REST"},{"data":"TalkToTheHand","floor":13,"key":"SMITH"},{"data":"MentalFortress","floor":15,"key":"SMITH"},{"floor":30,"key":"REST"},{"data":"Eruption","floor":32,"key":"SMITH"},{"floor":40,"key":"REST"},{"data":"MentalFortress","floor":42,"key":"SMITH"},{"data":"1","floor":45,"key":"LIFT"},{"floor":49,"key":"RECALL"},{"data":"2","floor":53,"key":"LIFT"}],"neow_cost":"NONE","seed_source_timestamp":198816149254500,"circlet_count":0,"master_deck":["AscendersBane","Strike_P","Strike_P","Strike_P","Defend_P+1","Eruption+1","Vigilance","CrushJoints","Consecrate","MentalFortress+1","TalkToTheHand+1","Conclude","EmptyMind","FollowUp","FlurryOfBlows","ClearTheMind","EmptyFist","Scrawl+1","DeusExMachina+1","TalkToTheHand+1","WheelKick","Adaptation+1","MentalFortress+1","EmptyMind+1","Crescendo+1","ClearTheMind+1","Adaptation+1","Eruption+1","Secret Weapon+1"],"relics":["HolyWater","Du-Vu Doll","Gremlin Horn","HornCleat","Pen Nib","Toxic Egg 2","OrangePellets","StrikeDummy","TeardropLocket","Art of War","War Paint","VioletLotus","Girya","Vajra","Damaru","Question Card","Boot","DollysMirror","Centennial Puzzle"],"potions_floor_usage":[5,8,23,33,36,51,55],"damage_taken":[{"damage":0,"enemies":"Cultist","floor":1,"turns":2},{"damage":4,"enemies":"Jaw Worm","floor":2,"turns":3},{"damage":10,"enemies":"2 Louse","floor":4,"turns":3},{"damage":0,"enemies":"Large Slime","floor":5,"turns":4},{"damage":6,"enemies":"Gremlin Nob","floor":6,"turns":3},{"damage":0,"enemies":"2 Fungi Beasts","floor":7,"turns":1},{"damage":15,"enemies":"3 Sentries","floor":8,"turns":6},{"damage":0,"enemies":"3 Louse","floor":10,"turns":1},{"damage":3,"enemies":"Lagavulin","floor":12,"turns":6},{"damage":5,"enemies":"3 Sentries","floor":14,"turns":3},{"damage":11,"enemies":"The Guardian","floor":16,"turns":8},{"damage":0,"enemies":"Chosen","floor":18,"turns":3},{"damage":9,"enemies":"2 Thieves","floor":19,"turns":3},{"damage":0,"enemies":"Snecko","floor":22,"turns":4},{"damage":0,"enemies":"Book of Stabbing","floor":23,"turns":2},{"damage":0,"enemies":"3 Cultists","floor":24,"turns":3},{"damage":9,"enemies":"Slavers","floor":25,"turns":2},{"damage":14,"enemies":"Book of Stabbing","floor":27,"turns":4},{"damage":0,"enemies":"Cultist and Chosen","floor":28,"turns":4},{"damage":1,"enemies":"Snecko","floor":29,"turns":3},{"damage":0,"enemies":"Gremlin Leader","floor":31,"turns":3},{"damage":8,"enemies":"Automaton","floor":33,"turns":6},{"damage":6,"enemies":"3 Shapes","floor":35,"turns":3},{"damage":19,"enemies":"2 Orb Walkers","floor":36,"turns":5},{"damage":0,"enemies":"Reptomancer","floor":41,"turns":3},{"damage":0,"enemies":"Giant Head","floor":44,"turns":2},{"damage":0,"enemies":"Orb Walker","floor":46,"turns":1},{"damage":12,"enemies":"Donu and Deca","floor":50,"turns":6},{"damage":24,"enemies":"Time Eater","floor":51,"turns":6},{"damage":30,"enemies":"Shield and Spear","floor":55,"turns":3},{"damage":46,"enemies":"The Heart","floor":56,"turns":3}],"seed_played":"3577479282813008191","potions_obtained":[{"floor":4,"key":"Swift Potion"},{"floor":5,"key":"SkillPotion"},{"floor":8,"key":"CultistPotion"},{"floor":10,"key":"Weak Potion"},{"floor":16,"key":"SkillPotion"},{"floor":18,"key":"PowerPotion"},{"floor":28,"key":"Weak Potion"},{"floor":29,"key":"Ambrosia"},{"floor":33,"key":"SkillPotion"},{"floor":41,"key":"Swift Potion"},{"floor":46,"key":"StancePotion"}],"is_trial":false,"path_per_floor":["M","M","$","M","M","E","M","E","T","M","R","E","R","E","R","B",null,"M","M","?","$","M","E","M","E","T","E","M","M","R","E","R","B",null,"M","?","?","?","$","R","E","R","T","E","R","M","$","?","R","B","B",null,"R","$","E","B"],"character_chosen":"WATCHER","items_purchased":["MentalFortress","TalkToTheHand","OrangePellets","Vajra","Crescendo+1","DollysMirror"],"campfire_rested":3,"item_purchase_floors":[3,3,21,39,39,47],"current_hp_per_floor":[61,57,57,47,47,41,41,26,26,26,46,43,43,38,38,27,58,58,49,49,49,49,49,49,40,40,26,26,25,45,45,45,37,60,54,35,35,35,35,55,55,55,55,55,55,55,55,55,55,43,19,56,56,56,26,0],"gold":66,"neow_bonus":"REMOVE_CARD","is_prod":false,"is_daily":false,"chose_seed":false,"campfire_upgraded":4,"win_rate":0,"timestamp":1652561199,"path_taken":["M","M","?","M","M","E","M","E","T","M","R","E","R","E","R","BOSS","M","M","?","$","M","E","M","E","T","E","M","M","R","E","R","BOSS","M","?","?","?","$","R","E","R","T","E","R","M","$","?","R","BOSS","BOSS","R","$","E","BOSS"],"build_version":"2022-03-07","purchased_purges":1,"victory":false,"max_hp_per_floor":[68,68,68,68,68,68,68,68,68,68,68,68,68,68,68,68,68,68,68,68,68,68,68,68,68,68,68,68,68,68,68,68,68,68,68,68,68,68,68,68,68,68,68,68,68,68,68,68,68,68,68,68,68,68,68,68],"card_choices":[{"not_picked":["PathToVictory","Crescendo"],"picked":"CrushJoints","floor":1},{"not_picked":["Prostrate","Fasting2"],"picked":"Consecrate","floor":2},{"not_picked":["SashWhip","Fasting2"],"picked":"Conclude","floor":4},{"not_picked":["Sanctity","Crescendo"],"picked":"EmptyMind","floor":5},{"not_picked":["Halt","EmptyBody"],"picked":"FollowUp","floor":6},{"not_picked":["Consecrate","EmptyBody"],"picked":"FlurryOfBlows","floor":7},{"not_picked":["JustLucky","WreathOfFlame"],"picked":"ClearTheMind","floor":8},{"not_picked":["JustLucky","Consecrate"],"picked":"EmptyFist","floor":10},{"not_picked":["JustLucky","Sanctity","EmptyBody"],"picked":"SKIP","floor":12},{"not_picked":["PathToVictory+1","ClearTheMind+1"],"picked":"Scrawl+1","floor":14},{"not_picked":["Establishment","Judgement+1"],"picked":"DeusExMachina+1","floor":16},{"not_picked":["Protect+1","Evaluate+1"],"picked":"TalkToTheHand+1","floor":18},{"not_picked":["FlurryOfBlows","Conclude"],"picked":"WheelKick","floor":19},{"not_picked":["Study","JustLucky","Conclude"],"picked":"SKIP","floor":22},{"not_picked":["Conclude","PathToVictory+1"],"picked":"Adaptation+1","floor":23},{"not_picked":["CutThroughFate+1","Halt+1","CrushJoints"],"picked":"SKIP","floor":24},{"not_picked":["EmptyBody+1","ThirdEye+1","WheelKick"],"picked":"SKIP","floor":25},{"not_picked":["CutThroughFate","DevaForm"],"picked":"MentalFortress","floor":27},{"not_picked":["PathToVictory+1","FlyingSleeves+1","Prostrate+1"],"picked":"SKIP","floor":28},{"not_picked":["ThirdEye+1","ForeignInfluence+1","Prostrate+1"],"picked":"SKIP","floor":29},{"not_picked":["EmptyFist","FlyingSleeves","Nirvana+1"],"picked":"SKIP","floor":31},{"not_picked":["BowlingBash","Prostrate+1","Evaluate+1"],"picked":"SKIP","floor":35},{"not_picked":["Perseverance+1","WheelKick"],"picked":"EmptyMind+1","floor":36},{"not_picked":["BowlingBash","FollowUp","ForeignInfluence+1"],"picked":"SKIP","floor":41},{"not_picked":["Prostrate+1","WreathOfFlame+1","Fasting2+1"],"picked":"ClearTheMind+1","floor":44},{"not_picked":["Evaluate+1","Worship+1","FlyingSleeves"],"picked":"Adaptation+1","floor":46},{"not_picked":["Sadistic Nature","Deep Breath+1","Purity+1"],"picked":"Secret Weapon+1","floor":48},{"not_picked":["Evaluate+1","SashWhip","EmptyBody+1","Vengeance+1"],"picked":"SKIP","floor":55}],"player_experience":1075048,"relics_obtained":[{"floor":6,"key":"Du-Vu Doll"},{"floor":8,"key":"Gremlin Horn"},{"floor":9,"key":"HornCleat"},{"floor":12,"key":"Pen Nib"},{"floor":14,"key":"Toxic Egg 2"},{"floor":23,"key":"StrikeDummy"},{"floor":25,"key":"TeardropLocket"},{"floor":27,"key":"Art of War"},{"floor":31,"key":"War Paint"},{"floor":36,"key":"Girya"},{"floor":41,"key":"Damaru"},{"floor":43,"key":"Question Card"},{"floor":44,"key":"Boot"},{"floor":55,"key":"Centennial Puzzle"}],"event_choices":[{"cards_removed":["Defend_P"],"damage_healed":0,"gold_gain":0,"player_choice":"Gave Gold","damage_taken":0,"max_hp_gain":0,"max_hp_loss":0,"event_name":"Beggar","floor":20,"gold_loss":75},{"damage_healed":0,"gold_gain":0,"player_choice":"Fight","damage_taken":0,"max_hp_gain":0,"max_hp_loss":0,"event_name":"Mysterious Sphere","floor":36,"gold_loss":0},{"cards_removed":["Strike_P"],"damage_healed":0,"gold_gain":0,"player_choice":"Removed Attack","damage_taken":0,"max_hp_gain":0,"max_hp_loss":0,"event_name":"Falling","floor":37,"gold_loss":0},{"damage_healed":0,"gold_gain":0,"player_choice":"Ignored","damage_taken":0,"max_hp_gain":0,"max_hp_loss":0,"event_name":"Tomb of Lord Red Mask","floor":38,"gold_loss":0},{"damage_healed":0,"gold_gain":0,"player_choice":"Memory 1","damage_taken":0,"max_hp_gain":0,"max_hp_loss":0,"event_name":"SensoryStone","floor":48,"gold_loss":0}],"is_beta":false,"boss_relics":[{"not_picked":["Tiny House","SacredBark"],"picked":"HolyWater"},{"not_picked":["Busted Crown","Velvet Choker"],"picked":"VioletLotus"}],"items_purged_floors":[39],"is_endless":false,"potions_floor_spawned":[4,5,8,10,16,18,22,28,29,31,33,41,46],"killed_by":"The Heart","ascension_level":20}