{"gold_per_floor":[114,214,228,10,63,89,89,122,146,146,174,324,2,15,15,94,94,106,123,123,123,23,57,57,89,171,171,191,241,241,252,252,328,328,345,370,370,381,256,256,286,286,286,314,314,143,155,167,167,167,167,167,167,25,52,52],"floor_reached":56,"playtime":1988,"items_purged":["Doubt","Pain","Defend_P"],"score":1989,"play_id":"659be235-01b3-4ba1-95dc-19165273c1d0","local_time":"20220508123317","is_ascension_mode":true,"campfire_choices":[{"data":"Eruption","floor":7.0,"key":"SMITH"},{"data":"CrushJoints","floor":15.0,"key":"SMITH"},{"data":"Adaptation","floor":24.0,"key":"SMITH"},{"data":"ClearTheMind","floor":27.0,"key":"SMITH"},{"data":"FlurryOfBlows","floor":30.0,"key":"SMITH"},{"data":"Tantrum","floor":32.0,"key":"SMITH"},{"floor":40.0,"key":"DIG"},{"floor":42.0,"key":"DIG"},{"floor":45,"key":"DIG"},{"floor":49,"key":"RECALL"},{"floor":53,"key":"DIG"}],"neow_cost":"NONE","seed_source_timestamp":2486168486100,"circlet_count":0,"master_deck":["AscendersBane","Strike_P","Strike_P","Strike_P","Strike_P","Defend_P","Defend_P","Defend_P","Eruption+1","Vigilance","FollowUp","FlurryOfBlows+1","CutThroughFate","Tantrum+1","Adaptation+1","CrushJoints+1","ClearTheMind+1","Vault","Halt+1","Adaptation+1","FearNoEvil","Halt","EmptyFist"],"special_seed":0,"relics":["PureWater","NeowsBlessing","ClockworkSouvenir","Blood Vial","Orichalcum","CaptainsWheel","Pen Nib","Juzu Bracelet","Toy Ornithopter","SacredBark","WarpedTongs","MutagenicStrength","Ornamental Fan","Mercury Hourglass","Pantograph","Fusion Hammer","Shovel","Happy Flower","Ancient Tea Set","Bag of Marbles","Pear","Meat on the Bone","Regal Pillow","DollysMirror","TeardropLocket","Bronze Scales"],"potions_floor_usage":[50,50,56,56],"damage_taken":[{"damage":0.0,"enemies":"2 Louse","floor":1.0,"turns":1.0},{"damage":0.0,"enemies":"Cultist","floor":3.0,"turns":1.0},{"damage":0.0,"enemies":"3 Sentries","floor":6.0,"turns":2.0},{"damage":28.0,"enemies":"Gremlin Nob","floor":8.0,"turns":4.0},{"damage":14.0,"enemies":"3 Sentries","floor":11.0,"turns":3.0},{"damage":0.0,"enemies":"Small Slimes","floor":14.0,"turns":3.0},{"damage":2.0,"enemies":"Hexaghost","floor":16.0,"turns":4.0},{"damage":4.0,"enemies":"Chosen","floor":18.0,"turns":3.0},{"damage":0.0,"enemies":"3 Byrds","floor":19.0,"turns":3.0},{"damage":22.0,"enemies":"Book of Stabbing","floor":23.0,"turns":3.0},{"damage":3.0,"enemies":"Gremlin Leader","floor":25.0,"turns":3.0},{"damage":0.0,"enemies":"Shelled Parasite and Fungi","floor":28.0,"turns":1.0},{"damage":0.0,"enemies":"Centurion and Healer","floor":31.0,"turns":2.0},{"damage":13.0,"enemies":"Collector","floor":33.0,"turns":6.0},{"damage":2.0,"enemies":"Orb Walker","floor":35.0,"turns":2.0},{"damage":0.0,"enemies":"Mind Bloom Boss Battle","floor":36.0,"turns":2.0},{"damage":0.0,"enemies":"3 Shapes","floor":38.0,"turns":3.0},{"damage":16.0,"enemies":"Nemesis","floor":41.0,"turns":6.0},{"damage":4.0,"enemies":"Giant Head","floor":44.0,"turns":3.0},{"damage":4,"enemies":"Maw","floor":47,"turns":3},{"damage":0,"enemies":"Transient","floor":48,"turns":5},{"damage":18,"enemies":"Awakened One","floor":50,"turns":5},{"damage":61,"enemies":"Donu and Deca","floor":51,"turns":6},{"damage":31,"enemies":"Shield and Spear","floor":55,"turns":6},{"damage":105,"enemies":"The Heart","floor":56,"turns":7}],"seed_played":"8913189632715463462","potions_obtained":[{"floor":1.0,"key":"Ancient Potion"},{"floor":6.0,"key":"BottledMiracle"},{"floor":11.0,"key":"SteroidPotion"},{"floor":16.0,"key":"Energy Potion"},{"floor":18.0,"key":"LiquidMemories"},{"floor":31.0,"key":"SteroidPotion"},{"floor":33.0,"key":"SteroidPotion"},{"floor":36.0,"key":"Dexterity Potion"},{"floor":44.0,"key":"Fire Potion"},{"floor":55,"key":"Block Potion"}],"is_trial":false,"path_per_floor":["M","?","M","$","T","E","R","E","T","?","E","?","$","M","R","B",null,"M","M","?","?","$","E","R","E","T","R","M","?","R","M","R","B",null,"M","?","?","M","$","R","E","R","T","E","R","$","M","M","R","B","B",null,"R","$","E","B"],"character_chosen":"WATCHER","items_purchased":["ClockworkSouvenir","FlurryOfBlows","Adaptation","Toy Ornithopter","DollysMirror","PowerPotion","Halt","EmptyFist"],"campfire_rested":0,"item_purchase_floors":[4,4,13,13,46,54,54,54],"current_hp_per_floor":[61,61,61,61,61,63,63,37,37,26,14,14,14,16,16,26,58,56,63,63,63,63,48,48,47,47,47,49,49,49,51,51,55,65,65,68,68,68,68,68,52,52,62,65,65,65,63,65,65,70,29,66,66,66,49,0],"gold":52,"neow_bonus":"THREE_ENEMY_KILL","is_prod":false,"is_daily":false,"chose_seed":false,"campfire_upgraded":6,"win_rate":0,"timestamp":1652038397,"path_taken":["M","?","M","$","?","E","R","E","T","?","E","?","$","M","R","BOSS","M","M","?","?","$","E","R","E","T","R","M","?","R","M","R","BOSS","M","?","?","M","$","R","E","R","T","E","R","?","M","M","R","BOSS","BOSS","R","$","E","BOSS"],"build_version":"2022-03-07","purchased_purges":3,"victory":false,"max_hp_per_floor":[68,68,68,68,68,68,68,68,68,68,68,68,68,68,68,68,68,68,68,68,68,68,68,68,68,68,68,68,68,68,68,68,68,68,68,68,68,68,68,68,68,68,78,78,78,78,78,78,78,78,78,78,78,78,78,78],"card_choices":[{"not_picked":["ThirdEye","Indignation"],"picked":"FollowUp","floor":1.0},{"not_picked":["Evaluate","Halt","WreathOfFlame"],"picked":"SKIP","floor":3.0},{"not_picked":["FlurryOfBlows","FollowUp"],"picked":"CutThroughFate","floor":6.0},{"not_picked":["Halt","Alpha"],"picked":"Tantrum","floor":8.0},{"not_picked":["Collect","Halt","Weave"],"picked":"SKIP","floor":11.0},{"not_picked":["Crescendo","CutThroughFate"],"picked":"CrushJoints","floor":14.0},{"not_picked":["CutThroughFate","Weave","WheelKick"],"picked":"SKIP","floor":18.0},{"not_picked":["WindmillStrike","Perseverance"],"picked":"ClearTheMind","floor":19.0},{"not_picked":["Pray","DeceiveReality","Protect"],"picked":"SKIP","floor":23.0},{"not_picked":["SignatureMove","SandsOfTime","Alpha"],"picked":"SKIP","floor":25.0},{"not_picked":["ThirdEye","EmptyBody","PathToVictory"],"picked":"SKIP","floor":28.0},{"not_picked":["ThirdEye","FollowUp","Consecrate"],"picked":"SKIP","floor":31.0},{"not_picked":["Judgement","Devotion"],"picked":"Vault","floor":33.0},{"not_picked":["SandsOfTime","Halt","Pray"],"picked":"SKIP","floor":35.0},{"not_picked":["WaveOfTheHand+1","CutThroughFate"],"picked":"Halt+1","floor":36.0},{"not_picked":["Swivel","FlyingSleeves","SashWhip"],"picked":"SKIP","floor":38.0},{"not_picked":["SashWhip","Weave","FollowUp"],"picked":"SKIP","floor":41.0},{"not_picked":["DevaForm","FlurryOfBlows","Crescendo"],"picked":"SKIP","floor":44.0},{"not_picked":["WaveOfTheHand+1","Evaluate"],"picked":"FearNoEvil","floor":47},{"not_picked":["CrushJoints","EmptyFist","PathToVictory"],"picked":"SKIP","floor":48},{"not_picked":["Crescendo","Nirvana","SashWhip"],"picked":"SKIP","floor":55}],"player_experience":1057631,"relics_obtained":[{"floor":5.0,"key":"Blood Vial"},{"floor":6.0,"key":"Orichalcum"},{"floor":8.0,"key":"CaptainsWheel"},{"floor":11.0,"key":"Juzu Bracelet"},{"floor":23.0,"key":"Ornamental Fan"},{"floor":25.0,"key":"Mercury Hourglass"},{"floor":26.0,"key":"Pantograph"},{"floor":36.0,"key":"Shovel"},{"floor":40.0,"key":"Happy Flower"},{"floor":41.0,"key":"Ancient Tea Set"},{"floor":42.0,"key":"Bag of Marbles"},{"floor":43.0,"key":"Pear"},{"floor":44.0,"key":"Meat on the Bone"},{"floor":45,"key":"Regal Pillow"},{"floor":53,"key":"TeardropLocket"},{"floor":55,"key":"Bronze Scales"}],"event_choices":[{"damage_healed":0.0,"max_hp_gain":0.0,"max_hp_loss":0.0,"gold_gain":100.0,"event_name":"Wheel of Change","player_choice":"Gold","floor":2.0,"gold_loss":0.0,"damage_taken":0.0},{"damage_healed":0.0,"max_hp_gain":0.0,"max_hp_loss":0.0,"gold_gain":0.0,"event_name":"Scrap Ooze","player_choice":"Success","floor":10.0,"gold_loss":0.0,"damage_taken":11.0,"relics_obtained":["Pen Nib"]},{"damage_healed":0.0,"max_hp_gain":0.0,"max_hp_loss":0.0,"gold_gain":150.0,"event_name":"Liars Game","player_choice":"AGREE","floor":12.0,"gold_loss":0.0,"damage_taken":0.0,"cards_obtained":["Doubt"]},{"damage_healed":0.0,"max_hp_gain":0.0,"max_hp_loss":0.0,"gold_gain":0.0,"event_name":"Accursed Blacksmith","player_choice":"Rummage","floor":20.0,"gold_loss":0.0,"damage_taken":0.0,"relics_obtained":["WarpedTongs"],"cards_obtained":["Pain"]},{"damage_healed":0.0,"max_hp_gain":0.0,"max_hp_loss":0.0,"gold_gain":0.0,"event_name":"Drug Dealer","player_choice":"Inject Mutagens","floor":21.0,"gold_loss":0.0,"damage_taken":0.0,"relics_obtained":["MutagenicStrength"]},{"damage_healed":0.0,"max_hp_gain":0.0,"max_hp_loss":0.0,"gold_gain":100.0,"event_name":"The Joust","player_choice":"Bet on Murderer","floor":29.0,"gold_loss":50.0,"damage_taken":0.0},{"damage_healed":0.0,"max_hp_gain":0.0,"max_hp_loss":0.0,"gold_gain":0.0,"event_name":"MindBloom","player_choice":"Fight","floor":36.0,"gold_loss":0.0,"damage_taken":0.0},{"damage_healed":0.0,"max_hp_gain":0.0,"max_hp_loss":0.0,"gold_gain":0.0,"event_name":"SensoryStone","player_choice":"Memory 1","floor":37.0,"gold_loss":0.0,"damage_taken":0.0}],"is_beta":false,"boss_relics":[{"not_picked":["Busted Crown","Cursed Key"],"picked":"SacredBark"},{"not_picked":["Sozu","Velvet Choker"],"picked":"Fusion Hammer"}],"items_purged_floors":[13,22,39],"is_endless":false,"potions_floor_spawned":[1,6,11,16,18,31,33,36,44,48,55],"killed_by":"The Heart","ascension_level":20}