{"gold_per_floor":[118,118,134,134,150,185,185,220,220,250,115,134,134,5,5,76,76,86,86,36,36,51,79,90,124,171,171,271,283,283,283],"floor_reached":31,"playtime":1482,"items_purged":["Strike_R","Strike_R","Strike_R+1"],"score":682,"play_id":"919f27f2-f8c7-4e96-9bc4-1cd7292908bd","local_time":"20220527161105","is_ascension_mode":true,"campfire_choices":[{"floor":7.0,"key":"REST"},{"data":"Limit Break","floor":15.0,"key":"SMITH"},{"data":"Inflame","floor":30,"key":"SMITH"}],"neow_cost":"NONE","seed_source_timestamp":243740068337800,"circlet_count":0,"master_deck":["AscendersBane","Strike_R+1","Defend_R+1","Defend_R+1","Defend_R+1","Defend_R+1","Bash","Battle Trance","Wild Strike","Inflame+1","Power Through","Iron Wave","Limit Break+1","Feel No Pain","Heavy Blade","True Grit","Inflame","Corruption","Bloodletting+1","True Grit","Evolve+1","Feel No Pain+1","Burning Pact","Pain","Ghostly","Ghostly","Ghostly","Armaments","Shrug It Off"],"special_seed":0,"relics":["Burning Blood","Centennial Puzzle","InkBottle","Darkstone Periapt","White Beast Statue","Smiling Mask","Cursed Key","Enchiridion","Frozen Egg 2","Strawberry","Vajra","Thread and Needle","Paper Frog"],"potions_floor_usage":[22,22,23,25,31],"damage_taken":[{"damage":16.0,"enemies":"Jaw Worm","floor":1.0,"turns":5.0},{"damage":5.0,"enemies":"Small Slimes","floor":3.0,"turns":3.0},{"damage":0.0,"enemies":"2 Louse","floor":5.0,"turns":3.0},{"damage":32.0,"enemies":"Lagavulin","floor":6.0,"turns":7.0},{"damage":37.0,"enemies":"3 Sentries","floor":8.0,"turns":9.0},{"damage":12.0,"enemies":"Lagavulin","floor":10.0,"turns":7.0},{"damage":7.0,"enemies":"Large Slime","floor":12.0,"turns":5.0},{"damage":4.0,"enemies":"Hexaghost","floor":16.0,"turns":8.0},{"damage":8,"enemies":"Spheric Guardian","floor":18,"turns":4},{"damage":6,"enemies":"Shell Parasite","floor":22,"turns":4},{"damage":0,"enemies":"Gremlin Leader","floor":23,"turns":4},{"damage":17,"enemies":"Shelled Parasite and Fungi","floor":24,"turns":6},{"damage":16,"enemies":"Book of Stabbing","floor":25,"turns":5},{"damage":5,"enemies":"Colosseum Slavers","floor":28,"turns":4},{"damage":7,"enemies":"Colosseum Nobs","floor":28,"turns":6},{"damage":3,"enemies":"Snecko","floor":29,"turns":5},{"damage":59,"enemies":"Gremlin Leader","floor":31,"turns":6}],"seed_played":"3510081786399699148","potions_obtained":[{"floor":1.0,"key":"LiquidBronze"},{"floor":6.0,"key":"GamblersBrew"},{"floor":10.0,"key":"SpeedPotion"},{"floor":12.0,"key":"Weak Potion"},{"floor":16.0,"key":"EntropicBrew"},{"floor":22,"key":"DuplicationPotion"},{"floor":23,"key":"Fire Potion"},{"floor":25,"key":"Fire Potion"},{"floor":28,"key":"DistilledChaos"}],"is_trial":false,"path_per_floor":["M","?","M","?","M","E","R","E","T","E","$","M","?","$","R","B",null,"M","?","$","?","M","E","M","E","T","?","?","M","R","E"],"character_chosen":"IRONCLAD","items_purchased":["Feel No Pain","Inflame"],"campfire_rested":1,"item_purchase_floors":[11,14],"current_hp_per_floor":[58,75,75,52,58,32,54,23,23,17,17,16,16,16,16,18,61,59,59,59,38,38,44,33,30,36,36,36,39,39,0],"gold":283,"neow_bonus":"RANDOM_COMMON_RELIC","is_prod":false,"is_daily":false,"chose_seed":false,"campfire_upgraded":2,"win_rate":0,"timestamp":1653693065,"path_taken":["M","?","M","?","M","E","R","E","T","E","$","M","?","$","R","BOSS","M","?","$","?","M","E","M","E","T","?","?","M","R","E"],"build_version":"2022-03-07","purchased_purges":3,"victory":false,"max_hp_per_floor":[75,75,75,75,75,75,75,75,75,75,75,75,75,75,75,75,75,75,75,75,75,75,75,75,82,88,44,44,44,44,44],"card_choices":[{"not_picked":["Evolve","Twin Strike"],"picked":"Battle Trance","floor":1.0},{"not_picked":["Iron Wave","Clothesline"],"picked":"Wild Strike","floor":3.0},{"not_picked":["Sentinel","Warcry"],"picked":"Inflame","floor":5.0},{"not_picked":["Rampage","Reckless Charge"],"picked":"Power Through","floor":6.0},{"not_picked":["Havoc","Perfected Strike"],"picked":"Iron Wave","floor":8.0},{"not_picked":["Feed","Clothesline"],"picked":"Limit Break","floor":10.0},{"not_picked":["Havoc","Hemokinesis"],"picked":"Heavy Blade","floor":12.0},{"not_picked":["Feed","Impervious"],"picked":"Corruption","floor":16.0},{"not_picked":["Clothesline","True Grit"],"picked":"Bloodletting+1","floor":18},{"not_picked":["Second Wind","Heavy Blade"],"picked":"True Grit","floor":22},{"not_picked":["Barricade+1","Wild Strike"],"picked":"Evolve+1","floor":23},{"not_picked":["Anger","Whirlwind"],"picked":"Feel No Pain+1","floor":24},{"not_picked":["Dropkick","Flex"],"picked":"Burning Pact","floor":25},{"not_picked":["Heavy Blade","Twin Strike"],"picked":"Armaments","floor":28},{"not_picked":["Infernal Blade","True Grit"],"picked":"Shrug It Off","floor":29}],"player_experience":1128939,"relics_obtained":[{"floor":6.0,"key":"InkBottle"},{"floor":8.0,"key":"Darkstone Periapt"},{"floor":9.0,"key":"White Beast Statue"},{"floor":10.0,"key":"Smiling Mask"},{"floor":21,"key":"Enchiridion"},{"floor":23,"key":"Frozen Egg 2"},{"floor":25,"key":"Strawberry"},{"floor":26,"key":"Vajra"},{"floor":28,"key":"Thread and Needle"},{"floor":28,"key":"Paper Frog"}],"event_choices":[{"damage_healed":25.0,"max_hp_gain":0.0,"max_hp_loss":0.0,"gold_gain":0.0,"event_name":"Big Fish","player_choice":"Banana","floor":2.0,"gold_loss":0.0,"damage_taken":0.0},{"damage_healed":0.0,"max_hp_gain":0.0,"max_hp_loss":0.0,"gold_gain":0.0,"event_name":"Shining Light","player_choice":"Entered Light","floor":4.0,"gold_loss":0.0,"damage_taken":23.0,"cards_upgraded":["Defend_R","Strike_R"]},{"damage_healed":0.0,"max_hp_gain":0.0,"max_hp_loss":0.0,"gold_gain":0.0,"cards_transformed":["Strike_R"],"event_name":"Living Wall","player_choice":"Change","floor":13.0,"gold_loss":0.0,"damage_taken":0.0,"cards_obtained":["True Grit"]},{"damage_healed":0,"gold_gain":0,"player_choice":"Simplicity","damage_taken":0,"max_hp_gain":0,"max_hp_loss":0,"event_name":"Back to Basics","floor":19,"gold_loss":0,"cards_upgraded":["Strike_R","Defend_R","Defend_R","Defend_R"]},{"damage_healed":0,"gold_gain":0,"player_choice":"Obtained Book","damage_taken":21,"max_hp_gain":0,"max_hp_loss":0,"event_name":"Cursed Tome","floor":21,"gold_loss":0},{"damage_healed":0,"gold_gain":0,"player_choice":"Became a Ghost","damage_taken":0,"max_hp_gain":0,"max_hp_loss":44,"event_name":"Ghosts","floor":27,"gold_loss":0,"cards_obtained":["Ghostly","Ghostly","Ghostly"]},{"damage_healed":0,"gold_gain":0,"player_choice":"Fight","damage_taken":0,"max_hp_gain":0,"max_hp_loss":0,"event_name":"Colosseum","floor":28,"gold_loss":0},{"damage_healed":0,"gold_gain":0,"player_choice":"Fought Nobs","damage_taken":0,"max_hp_gain":0,"max_hp_loss":0,"event_name":"Colosseum","floor":28,"gold_loss":0}],"is_beta":false,"boss_relics":[{"not_picked":["Runic Cube","Sozu"],"picked":"Cursed Key"}],"items_purged_floors":[11,14,20],"is_endless":false,"potions_floor_spawned":[1,6,10,12,16,18,22,23,24,25,28,28,29],"killed_by":"Gremlin Leader","ascension_level":20}