{"gold_per_floor":[16,39,54,54,69,69,99,48,48,48],"floor_reached":10,"playtime":195,"items_purged":[],"score":132,"play_id":"d0799398-e19f-419f-92d9-0f84e482a4af","local_time":"20220528085244","is_ascension_mode":true,"campfire_choices":[{"data":"Zap","floor":6.0,"key":"SMITH"}],"neow_cost":"NO_GOLD","seed_source_timestamp":0,"circlet_count":0,"master_deck":["AscendersBane","Strike_B","Strike_B","Strike_B","Strike_B","Defend_B","Defend_B","Defend_B","Defend_B","Zap+1","Dualcast","Electrodynamics","Gash","Scrape","Reinforced Body","Turbo"],"special_seed":0,"relics":["Cracked Core","Omamori","Toy Ornithopter","Boot"],"potions_floor_usage":[],"damage_taken":[{"damage":2.0,"enemies":"Cultist","floor":1.0,"turns":4.0},{"damage":1.0,"enemies":"2 Louse","floor":3.0,"turns":2.0},{"damage":9.0,"enemies":"Jaw Worm","floor":5.0,"turns":3.0},{"damage":38.0,"enemies":"Gremlin Nob","floor":7.0,"turns":4.0},{"damage":0,"enemies":"Exordium Thugs","floor":10,"turns":1}],"seed_played":"-9200746110020807600","potions_obtained":[{"floor":1.0,"key":"SteroidPotion"},{"floor":7.0,"key":"Swift Potion"}],"is_trial":false,"path_per_floor":["M","T","M","?","M","R","E","$","T","M"],"character_chosen":"DEFECT","items_purchased":["Turbo"],"campfire_rested":0,"item_purchase_floors":[8],"current_hp_per_floor":[62,62,61,66,57,57,19,19,19,19],"gold":48,"neow_bonus":"THREE_RARE_CARDS","is_prod":false,"is_daily":false,"chose_seed":false,"campfire_upgraded":1,"win_rate":0,"timestamp":1653753164,"path_taken":["M","?","M","?","M","R","E","?","T","?"],"build_version":"2022-03-07","purchased_purges":0,"victory":false,"max_hp_per_floor":[71,71,71,76,76,76,76,76,76,76],"card_choices":[{"not_picked":["Reboot","Multi-Cast"],"picked":"Electrodynamics","floor":0.0},{"not_picked":["White Noise","Reprogram","Redo"],"picked":"SKIP","floor":1.0},{"not_picked":["Doom and Gloom","Tempest"],"picked":"Gash","floor":3.0},{"not_picked":["White Noise","Rebound"],"picked":"Scrape","floor":5.0},{"not_picked":["Lockon","Darkness"],"picked":"Reinforced Body","floor":7.0}],"player_experience":1130421,"relics_obtained":[{"floor":2.0,"key":"Omamori"},{"floor":7.0,"key":"Toy Ornithopter"},{"floor":9.0,"key":"Boot"}],"event_choices":[{"damage_healed":0.0,"max_hp_gain":5.0,"max_hp_loss":0.0,"gold_gain":0.0,"event_name":"Big Fish","player_choice":"Donut","floor":4.0,"gold_loss":0.0,"damage_taken":0.0}],"is_beta":false,"boss_relics":[],"items_purged_floors":[],"is_endless":false,"potions_floor_spawned":[1,7],"killed_by":"Exordium Thugs","ascension_level":20}