{"gold_per_floor":[110,110,125,148,167,167,193,193,193,203,218,229,229,264,264,338,338,351,363,414,414,424,452,472,798,845,845,861,861,873,744,744,823,823,843,843,843,367,667,698,698,725,752,785,797,808,821,821,821,821,821,821,821,195,195],"floor_reached":55,"playtime":4324,"items_purged":["Strike_G+1","Strike_G+1","Parasite"],"score":2014,"play_id":"f40d316a-c8c1-4d12-ac6d-c74ba62af293","local_time":"20220530145832","is_ascension_mode":true,"campfire_choices":[{"data":"A Thousand Cuts","floor":6.0,"key":"SMITH"},{"data":"Blade Dance","floor":8.0,"key":"SMITH"},{"data":"Night Terror","floor":15.0,"key":"SMITH"},{"data":"Noxious Fumes","floor":27.0,"key":"SMITH"},{"data":"Calculated Gamble","floor":29.0,"key":"SMITH"},{"data":"Blade Dance","floor":32.0,"key":"SMITH"},{"data":"Accuracy","floor":41.0,"key":"SMITH"},{"floor":49.0,"key":"RECALL"},{"floor":53,"key":"REST"}],"neow_cost":"NONE","seed_source_timestamp":0,"circlet_count":0,"master_deck":["AscendersBane","Defend_G+1","Defend_G+1","Defend_G+1","Defend_G+1","Defend_G+1","Survivor","Neutralize","Die Die Die","A Thousand Cuts+1","Cloak And Dagger","Calculated Gamble+1","Blade Dance+1","Corpse Explosion","Acrobatics","After Image","Night Terror+1","Die Die Die+1","Acrobatics","Noxious Fumes+1","Prepared","Calculated Gamble+1","Escape Plan","Backflip","Blade Dance+1","After Image","Flash of Steel+1","Accuracy+1","Sadistic Nature","Concentrate+1","PiercingWail","Well Laid Plans+1","Footwork","Heel Hook+1","Blade Dance","Dark Shackles","Noxious Fumes"],"special_seed":0,"relics":["Ring of the Snake","Bag of Marbles","Nunchaku","Bird Faced Urn","Molten Egg 2","HoveringKite","Blood Vial","Pear","Old Coin","Empty Cage","Membership Card","Paper Crane","Letter Opener","Pantograph","Regal Pillow","Ornamental Fan","Ninja Scroll","HornCleat","Orrery"],"potions_floor_usage":[51,55,55],"damage_taken":[{"damage":9.0,"enemies":"Jaw Worm","floor":1.0,"turns":7.0},{"damage":0.0,"enemies":"Cultist","floor":3.0,"turns":4.0},{"damage":0.0,"enemies":"2 Louse","floor":5.0,"turns":1.0},{"damage":11.0,"enemies":"3 Sentries","floor":7.0,"turns":5.0},{"damage":0.0,"enemies":"Gremlin Gang","floor":10.0,"turns":2.0},{"damage":7.0,"enemies":"Red Slaver","floor":11.0,"turns":3.0},{"damage":0.0,"enemies":"3 Louse","floor":12.0,"turns":1.0},{"damage":4.0,"enemies":"Lagavulin","floor":14.0,"turns":9.0},{"damage":6.0,"enemies":"Hexaghost","floor":16.0,"turns":9.0},{"damage":0.0,"enemies":"2 Thieves","floor":18.0,"turns":1.0},{"damage":1.0,"enemies":"Spheric Guardian","floor":19.0,"turns":3.0},{"damage":0.0,"enemies":"Centurion and Healer","floor":22.0,"turns":5.0},{"damage":25.0,"enemies":"Gremlin Leader","floor":23.0,"turns":5.0},{"damage":4.0,"enemies":"Snake Plant","floor":24.0,"turns":4.0},{"damage":23.0,"enemies":"Book of Stabbing","floor":25.0,"turns":5.0},{"damage":1.0,"enemies":"Cultist and Chosen","floor":28.0,"turns":4.0},{"damage":0.0,"enemies":"3 Cultists","floor":30.0,"turns":3.0},{"damage":38.0,"enemies":"Champ","floor":33.0,"turns":12.0},{"damage":1.0,"enemies":"Orb Walker","floor":35.0,"turns":4.0},{"damage":27.0,"enemies":"Reptomancer","floor":40.0,"turns":6.0},{"damage":28.0,"enemies":"Nemesis","floor":42.0,"turns":5.0},{"damage":1.0,"enemies":"Reptomancer","floor":44.0,"turns":4.0},{"damage":0.0,"enemies":"3 Darklings","floor":45.0,"turns":2.0},{"damage":13.0,"enemies":"Maw","floor":46.0,"turns":7.0},{"damage":2.0,"enemies":"Writhing Mass","floor":47.0,"turns":6.0},{"damage":79.0,"enemies":"Time Eater","floor":50.0,"turns":13.0},{"damage":34,"enemies":"Donu and Deca","floor":51,"turns":8},{"damage":112,"enemies":"Shield and Spear","floor":55,"turns":6}],"seed_played":"-913144576595632991","potions_obtained":[{"floor":5.0,"key":"Swift Potion"},{"floor":10.0,"key":"CultistPotion"},{"floor":16.0,"key":"AttackPotion"},{"floor":19.0,"key":"Fruit Juice"},{"floor":23.0,"key":"Block Potion"},{"floor":24.0,"key":"Explosive Potion"},{"floor":40.0,"key":"LiquidMemories"},{"floor":42.0,"key":"SkillPotion"},{"floor":45.0,"key":"Ancient Potion"}],"is_trial":false,"path_per_floor":["M","?","M","T","M","R","E","R","T","M","M","M","?","E","R","B",null,"M","M","T","?","M","E","M","E","T","R","M","R","M","$","R","B",null,"M","?","?","$","?","E","R","E","T","E","M","M","M","?","R","B","B",null,"R","$","E"],"character_chosen":"THE_SILENT","items_purchased":["PowerPotion","Membership Card","Paper Crane","Accuracy","Sadistic Nature","Ninja Scroll","HornCleat","Orrery","GamblersBrew","GamblersBrew","Blade Dance","Dark Shackles","Noxious Fumes"],"campfire_rested":1,"item_purchase_floors":[31,38,38,38,38,54,54,54,54,54,54,54,54],"current_hp_per_floor":[50,50,50,50,50,50,39,39,39,39,34,34,34,34,34,36,59,59,62,62,62,66,51,53,38,38,38,45,45,49,54,54,24,67,72,72,72,72,72,59,59,45,45,58,66,67,80,80,80,6,13,64,81,78,0],"gold":195,"neow_bonus":"ONE_RANDOM_RARE_CARD","is_prod":false,"is_daily":false,"chose_seed":false,"campfire_upgraded":7,"win_rate":0,"timestamp":1653947912,"path_taken":["M","?","M","?","M","R","E","R","T","?","M","M","?","E","R","BOSS","M","?","?","?","?","E","M","E","T","R","M","R","M","$","R","BOSS","M","?","?","$","?","E","R","E","T","E","?","M","M","?","R","BOSS","BOSS","R","$","E"],"build_version":"2022-03-07","purchased_purges":3,"victory":false,"max_hp_per_floor":[66,66,66,66,66,66,66,66,66,66,66,66,66,66,66,66,66,66,66,66,66,66,76,76,76,76,76,76,76,76,81,81,81,81,81,81,81,81,81,81,81,81,81,81,81,81,81,81,81,81,81,81,81,78,78],"card_choices":[{"not_picked":["All Out Attack","Prepared"],"picked":"Sucker Punch","floor":1.0},{"not_picked":["Dagger Throw","Deadly Poison"],"picked":"Cloak And Dagger","floor":3.0},{"not_picked":["Dagger Throw","PiercingWail"],"picked":"Calculated Gamble","floor":5.0},{"not_picked":["PiercingWail","Backstab"],"picked":"Blade Dance","floor":7.0},{"not_picked":["Outmaneuver","Deflect"],"picked":"Corpse Explosion","floor":10.0},{"not_picked":["Bane","Finisher","Distraction"],"picked":"SKIP","floor":11.0},{"not_picked":["Flying Knee","Dagger Spray"],"picked":"Acrobatics","floor":12.0},{"not_picked":["Setup","Deflect"],"picked":"Night Terror","floor":14.0},{"not_picked":["A Thousand Cuts","Envenom"],"picked":"Die Die Die+1","floor":16.0},{"not_picked":["Poisoned Stab+1","Leg Sweep"],"picked":"Acrobatics","floor":18.0},{"not_picked":["Dodge and Roll","Backflip"],"picked":"Noxious Fumes","floor":19.0},{"not_picked":["Acrobatics","A Thousand Cuts"],"picked":"Prepared","floor":22.0},{"not_picked":["Dagger Throw+1","Tactician"],"picked":"Calculated Gamble+1","floor":23.0},{"not_picked":["Blade Dance","Outmaneuver"],"picked":"Escape Plan","floor":24.0},{"not_picked":["Prepared","Poisoned Stab+1"],"picked":"Backflip","floor":25.0},{"not_picked":["Skewer+1","Sucker Punch+1","Poisoned Stab+1"],"picked":"SKIP","floor":28.0},{"not_picked":["Acrobatics+1","Crippling Poison+1"],"picked":"Blade Dance","floor":30.0},{"not_picked":["Night Terror","A Thousand Cuts"],"picked":"After Image","floor":33.0},{"not_picked":["Flying Knee+1","Infinite Blades","Bane+1"],"picked":"SKIP","floor":35.0},{"not_picked":["Impatience","Magnetism"],"picked":"Flash of Steel+1","floor":36.0},{"not_picked":["Dash+1","Quick Slash+1","Backflip"],"picked":"SKIP","floor":40.0},{"not_picked":["Quick Slash+1","PiercingWail"],"picked":"Concentrate+1","floor":42.0},{"not_picked":["Quick Slash+1","Sucker Punch+1","Bane+1"],"picked":"SKIP","floor":44.0},{"not_picked":["Eviscerate+1","Cloak And Dagger"],"picked":"PiercingWail","floor":45.0},{"not_picked":["Finisher+1","Cloak And Dagger"],"picked":"Well Laid Plans+1","floor":46.0},{"not_picked":["Dodge and Roll+1","Dagger Spray+1","Deflect"],"picked":"SKIP","floor":47.0},{"not_picked":["Underhanded Strike+1","Deadly Poison"],"picked":"Footwork","floor":54},{"not_picked":["Grand Finale+1","Underhanded Strike+1"],"picked":"Heel Hook+1","floor":54}],"player_experience":1141241,"relics_obtained":[{"floor":4.0,"key":"Bag of Marbles"},{"floor":7.0,"key":"Nunchaku"},{"floor":9.0,"key":"Bird Faced Urn"},{"floor":14.0,"key":"Molten Egg 2"},{"floor":20.0,"key":"Blood Vial"},{"floor":23.0,"key":"Pear"},{"floor":25.0,"key":"Old Coin"},{"floor":40.0,"key":"Letter Opener"},{"floor":42.0,"key":"Pantograph"},{"floor":43.0,"key":"Regal Pillow"},{"floor":44.0,"key":"Ornamental Fan"}],"event_choices":[{"damage_healed":0.0,"max_hp_gain":0.0,"max_hp_loss":0.0,"gold_gain":0.0,"cards_transformed":["Strike_G"],"event_name":"Living Wall","player_choice":"Change","floor":2.0,"gold_loss":0.0,"damage_taken":0.0,"cards_obtained":["A Thousand Cuts"]},{"damage_healed":0.0,"max_hp_gain":0.0,"max_hp_loss":0.0,"gold_gain":0.0,"event_name":"Match and Keep!","player_choice":"1 cards matched","floor":13.0,"gold_loss":0.0,"damage_taken":0.0,"cards_obtained":["After Image"]},{"damage_healed":0.0,"max_hp_gain":0.0,"max_hp_loss":0.0,"gold_gain":0.0,"event_name":"Back to Basics","player_choice":"Simplicity","floor":21.0,"gold_loss":0.0,"damage_taken":0.0,"cards_upgraded":["Strike_G","Strike_G","Strike_G","Strike_G","Defend_G","Defend_G","Defend_G","Defend_G","Defend_G"]},{"damage_healed":0.0,"max_hp_gain":0.0,"max_hp_loss":0.0,"gold_gain":0.0,"event_name":"SensoryStone","player_choice":"Memory 1","floor":36.0,"gold_loss":0.0,"damage_taken":0.0},{"cards_removed":["Sucker Punch"],"damage_healed":0.0,"max_hp_gain":0.0,"max_hp_loss":0.0,"gold_gain":0.0,"event_name":"Falling","player_choice":"Removed Attack","floor":37.0,"gold_loss":0.0,"damage_taken":0.0},{"damage_healed":0.0,"max_hp_gain":0.0,"max_hp_loss":0.0,"gold_gain":300.0,"event_name":"Wheel of Change","player_choice":"Gold","floor":39.0,"gold_loss":0.0,"damage_taken":0.0},{"damage_healed":0.0,"max_hp_gain":0.0,"max_hp_loss":0.0,"gold_gain":0.0,"event_name":"SecretPortal","player_choice":"Ignored","floor":48.0,"gold_loss":0.0,"damage_taken":0.0}],"is_beta":false,"boss_relics":[{"not_picked":["Calling Bell","Coffee Dripper"],"picked":"HoveringKite"},{"not_picked":["Velvet Choker","Tiny House"],"picked":"Empty Cage"}],"items_purged_floors":[31,38,54],"is_endless":false,"potions_floor_spawned":[5,10,12,16,19,23,24,33,35,40,42,45],"killed_by":"Shield and Spear","ascension_level":20}