{"gold_per_floor":[116,128,128,140,65,65,97,97,97,116,145,165,165,192,204,287,299,326,80,27,27,43,43,61,61,85,85,114,39,39,54,54,127,127,138,163,163,183,195,222,46,46,92,121,136,162,180,205,205,205,205,205,205,41,67,67],"floor_reached":57,"playtime":2830,"items_purged":["Pain","Strike_R","Metallicize"],"score":2891,"play_id":"dc719c48-9b69-4d8a-8a13-730d3aeed956","local_time":"20220524213750","is_ascension_mode":true,"campfire_choices":[{"data":"Hemokinesis","floor":6.0,"key":"SMITH"},{"data":"Berserk","floor":8.0,"key":"SMITH"},{"data":"Rupture","floor":13.0,"key":"SMITH"},{"data":"Rupture","floor":15.0,"key":"SMITH"},{"data":"Bloodletting","floor":23.0,"key":"SMITH"},{"floor":25.0,"key":"REST"},{"data":"Flame Barrier","floor":32.0,"key":"SMITH"},{"floor":42,"key":"RECALL"},{"data":"Brutality","floor":49,"key":"SMITH"},{"data":"Shockwave","floor":53,"key":"SMITH"}],"neow_cost":"NONE","seed_source_timestamp":2762505457900,"circlet_count":0,"master_deck":["AscendersBane","Bash+1","Hemokinesis+1","Thunderclap+1","Berserk+1","Dropkick","Rupture+1","Rupture+1","Reaper","Second Wind","Anger+1","Bloodletting+1","Flame Barrier+1","Flex+1","Intimidate","Brutality+1","Hemokinesis","Offering","Reaper","Hemokinesis","Shockwave+1","Offering","Battle Trance","Shrug It Off","Limit Break"],"special_seed":0,"relics":["Burning Blood","NeowsBlessing","WarpedTongs","Ice Cream","Eternal Feather","Whetstone","MawBank","Runic Pyramid","Orrery","FaceOfCleric","Oddly Smooth Stone","Darkstone Periapt","Pandora\u0027s Box","Incense Burner","Blood Vial","Mercury Hourglass","Champion Belt","Self Forming Clay","Bag of Preparation","Nunchaku"],"potions_floor_usage":[56],"damage_taken":[{"damage":0.0,"enemies":"Cultist","floor":1.0,"turns":1.0},{"damage":0.0,"enemies":"Jaw Worm","floor":2.0,"turns":1.0},{"damage":1.0,"enemies":"Small Slimes","floor":4.0,"turns":2.0},{"damage":4.0,"enemies":"Gremlin Nob","floor":7.0,"turns":2.0},{"damage":2.0,"enemies":"3 Louse","floor":10.0,"turns":3.0},{"damage":16.0,"enemies":"Lagavulin","floor":11.0,"turns":6.0},{"damage":10.0,"enemies":"Large Slime","floor":12.0,"turns":5.0},{"damage":10.0,"enemies":"Gremlin Nob","floor":14.0,"turns":3.0},{"damage":54.0,"enemies":"Hexaghost","floor":16.0,"turns":8.0},{"damage":24.0,"enemies":"Shell Parasite","floor":18.0,"turns":3.0},{"damage":12.0,"enemies":"2 Thieves","floor":22.0,"turns":3.0},{"damage":57.0,"enemies":"Chosen and Byrds","floor":24.0,"turns":7.0},{"damage":58.0,"enemies":"Book of Stabbing","floor":28.0,"turns":5.0},{"damage":26.0,"enemies":"Shelled Parasite and Fungi","floor":31.0,"turns":3.0},{"damage":47.0,"enemies":"Automaton","floor":33.0,"turns":8.0},{"damage":19.0,"enemies":"3 Shapes","floor":35.0,"turns":4.0},{"damage":34.0,"enemies":"Mind Bloom Boss Battle","floor":36.0,"turns":3.0},{"damage":29.0,"enemies":"Orb Walker","floor":38.0,"turns":2.0},{"damage":45,"enemies":"Maw","floor":39,"turns":3},{"damage":26,"enemies":"Giant Head","floor":40,"turns":3},{"damage":42,"enemies":"Nemesis","floor":44,"turns":5},{"damage":35,"enemies":"Jaw Worm Horde","floor":45,"turns":3},{"damage":20,"enemies":"Reptomancer","floor":46,"turns":3},{"damage":28,"enemies":"4 Shapes","floor":47,"turns":5},{"damage":53,"enemies":"Nemesis","floor":48,"turns":3},{"damage":75,"enemies":"Donu and Deca","floor":50,"turns":4},{"damage":79,"enemies":"Awakened One","floor":51,"turns":4},{"damage":29,"enemies":"Shield and Spear","floor":55,"turns":4},{"damage":98,"enemies":"The Heart","floor":56,"turns":7}],"seed_played":"6712364551852418395","potions_obtained":[{"floor":1.0,"key":"DuplicationPotion"},{"floor":4.0,"key":"SteroidPotion"},{"floor":12.0,"key":"LiquidMemories"},{"floor":16.0,"key":"AttackPotion"},{"floor":18.0,"key":"BloodPotion"},{"floor":22.0,"key":"Weak Potion"},{"floor":28.0,"key":"HeartOfIron"},{"floor":38.0,"key":"PowerPotion"},{"floor":47,"key":"FairyPotion"}],"is_trial":false,"path_per_floor":["M","M","?","M","$","R","E","R","T","M","E","M","R","E","R","B",null,"M","$","$","?","M","R","M","R","T","?","E","?","$","M","R","B",null,"M","?","?","M","M","E","$","R","T","E","M","E","M","E","R","B","B",null,"R","$","E","B",null],"character_chosen":"IRONCLAD","items_purchased":["Orrery","Swift Potion","Shrug It Off","Bag of Preparation"],"campfire_rested":1,"item_purchase_floors":[19,20,41,54],"current_hp_per_floor":[74,75,75,75,75,75,75,75,75,75,65,61,70,66,75,27,63,45,45,45,45,66,76,36,71,71,71,31,31,31,38,50,34,69,81,74,82,83,84,85,85,85,85,86,87,88,89,89,90,91,92,92,92,92,92,68],"gold":67,"neow_bonus":"THREE_ENEMY_KILL","is_prod":false,"is_daily":false,"chose_seed":false,"campfire_upgraded":8,"win_rate":0,"timestamp":1653453470,"path_taken":["M","?","?","M","?","R","E","R","T","M","E","M","R","E","R","BOSS","M","?","$","?","?","R","M","R","T","?","E","?","?","M","R","BOSS","M","?","?","M","M","E","$","R","T","E","?","E","M","E","R","BOSS","BOSS","R","$","E","BOSS"],"build_version":"2022-03-07","purchased_purges":3,"victory":true,"max_hp_per_floor":[75,75,75,75,75,75,75,75,75,75,75,75,75,75,75,75,75,75,75,75,75,76,76,77,77,77,77,78,78,78,79,79,80,80,81,82,82,83,84,85,85,85,85,86,87,88,89,90,90,91,92,92,92,92,93,94],"card_choices":[{"not_picked":["Shockwave","Flame Barrier"],"picked":"Hemokinesis","floor":1.0},{"not_picked":["Intimidate","Ghostly Armor"],"picked":"Thunderclap","floor":2.0},{"not_picked":["Sword Boomerang","Heavy Blade","Wild Strike"],"picked":"SKIP","floor":4.0},{"not_picked":["Thunderclap","Flex"],"picked":"Berserk","floor":7.0},{"not_picked":["Metallicize","Heavy Blade"],"picked":"Dropkick","floor":10.0},{"not_picked":["Intimidate","Disarm"],"picked":"Rupture","floor":11.0},{"not_picked":["Havoc","Bloodletting","Clothesline"],"picked":"SKIP","floor":12.0},{"not_picked":["Perfected Strike","Twin Strike"],"picked":"Rupture","floor":14.0},{"not_picked":["Juggernaut","Limit Break"],"picked":"Reaper","floor":16.0},{"not_picked":["Thunderclap","Havoc"],"picked":"Second Wind","floor":18.0},{"not_picked":["Evolve","Berserk"],"picked":"Anger+1","floor":19.0},{"not_picked":["Sever Soul","Headbutt"],"picked":"Bloodletting","floor":19.0},{"not_picked":["Twin Strike","Havoc"],"picked":"Flame Barrier","floor":19.0},{"not_picked":["Headbutt","Heavy Blade"],"picked":"Flex+1","floor":22.0},{"not_picked":["Shrug It Off","Sword Boomerang"],"picked":"Intimidate","floor":24.0},{"not_picked":["Wild Strike","Body Slam","Ghostly Armor"],"picked":"SKIP","floor":28.0},{"not_picked":["Metallicize","Inflame"],"picked":"Seeing Red","floor":31.0},{"not_picked":["Fiend Fire","Feed"],"picked":"Brutality","floor":33.0},{"not_picked":["Flex","Reckless Charge","Clash+1"],"picked":"SKIP","floor":35.0},{"not_picked":["Perfected Strike+1","Twin Strike"],"picked":"Battle Trance","floor":38.0},{"not_picked":["Ghostly Armor","Hemokinesis+1","Heavy Blade"],"picked":"SKIP","floor":39},{"not_picked":["Sword Boomerang","Shockwave","Anger"],"picked":"SKIP","floor":40},{"not_picked":["Clash","Reckless Charge","Barricade"],"picked":"SKIP","floor":44},{"not_picked":["Searing Blow","Cleave+1","Iron Wave"],"picked":"SKIP","floor":45},{"not_picked":["Armaments","Infernal Blade","Bloodletting"],"picked":"SKIP","floor":46},{"not_picked":["Flex","Ghostly Armor","Pommel Strike"],"picked":"SKIP","floor":47},{"not_picked":["Iron Wave","Anger","True Grit"],"picked":"SKIP","floor":48},{"not_picked":["Perfected Strike","Burning Pact"],"picked":"Limit Break","floor":55}],"player_experience":1113706,"relics_obtained":[{"floor":7.0,"key":"Ice Cream"},{"floor":9.0,"key":"Eternal Feather"},{"floor":11.0,"key":"Whetstone"},{"floor":14.0,"key":"MawBank"},{"floor":26.0,"key":"Oddly Smooth Stone"},{"floor":28.0,"key":"Darkstone Periapt"},{"floor":36.0,"key":"Incense Burner"},{"floor":40,"key":"Blood Vial"},{"floor":44,"key":"Mercury Hourglass"},{"floor":46,"key":"Champion Belt"},{"floor":48,"key":"Self Forming Clay"},{"floor":55,"key":"Nunchaku"}],"event_choices":[{"damage_healed":0.0,"max_hp_gain":0.0,"max_hp_loss":0.0,"gold_gain":0.0,"event_name":"Accursed Blacksmith","player_choice":"Rummage","floor":3.0,"gold_loss":0.0,"damage_taken":0.0,"relics_obtained":["WarpedTongs"],"cards_obtained":["Pain"]},{"damage_healed":0.0,"max_hp_gain":0.0,"max_hp_loss":0.0,"gold_gain":0.0,"event_name":"FaceTrader","player_choice":"Trade","floor":21.0,"gold_loss":0.0,"damage_taken":0.0,"relics_obtained":["FaceOfCleric"]},{"damage_healed":0.0,"max_hp_gain":0.0,"max_hp_loss":0.0,"gold_gain":0.0,"event_name":"Ghosts","player_choice":"Ignored","floor":27.0,"gold_loss":0.0,"damage_taken":0.0},{"cards_removed":["Strike_R"],"damage_healed":0.0,"max_hp_gain":0.0,"max_hp_loss":0.0,"gold_gain":0.0,"event_name":"Beggar","player_choice":"Gave Gold","floor":29.0,"gold_loss":75.0,"damage_taken":0.0},{"damage_healed":0.0,"max_hp_gain":0.0,"max_hp_loss":0.0,"gold_gain":0.0,"event_name":"MindBloom","player_choice":"Fight","floor":36.0,"gold_loss":0.0,"damage_taken":0.0},{"cards_removed":["Seeing Red"],"damage_healed":8.0,"max_hp_gain":0.0,"max_hp_loss":0.0,"gold_gain":0.0,"event_name":"Bonfire Elementals","player_choice":"Offered Uncommon","floor":37.0,"gold_loss":0.0,"damage_taken":0.0}],"is_beta":false,"boss_relics":[{"not_picked":["Runic Dome","Astrolabe"],"picked":"Runic Pyramid"},{"not_picked":["Cursed Key","Sozu"],"picked":"Pandora\u0027s Box"}],"items_purged_floors":[5,19,41],"is_endless":false,"potions_floor_spawned":[1,4,12,16,18,22,28,38,39,40,46,47],"ascension_level":20}