{"gold_per_floor":[110,110,124,104,118,148,168,187,256,256,256,284,297,331,331,408,408,422,472,488,507,7,7,39,52,52,77,100,112],"floor_reached":29,"playtime":1422,"items_purged":["Strike_G"],"score":574,"play_id":"73be827a-8fa8-4883-b5ba-0c9e37ead171","local_time":"20220604101443","is_ascension_mode":true,"campfire_choices":[{"floor":10.0,"key":"REST"},{"data":"Footwork","floor":15.0,"key":"SMITH"},{"floor":23.0,"key":"REST"}],"neow_cost":"NONE","seed_source_timestamp":0,"circlet_count":0,"master_deck":["AscendersBane","Strike_G","Strike_G","Strike_G","Strike_G","Defend_G","Defend_G","Defend_G","Defend_G","Defend_G","Survivor","Neutralize","Poisoned Stab","Sucker Punch","Bouncing Flask","Backstab","Dash","Footwork+1","Burst","Footwork","Wraith Form v2","Expertise","Crippling Poison","Apotheosis","Footwork","Dodge and Roll+1","Dodge and Roll","Backflip"],"special_seed":0,"relics":["Ring of the Snake","NeowsBlessing","StrikeDummy","Ice Cream","HornCleat","Akabeko","Anchor","SacredBark","PreservedInsect","Centennial Puzzle","MawBank"],"potions_floor_usage":[],"damage_taken":[{"damage":0.0,"enemies":"Jaw Worm","floor":1.0,"turns":1.0},{"damage":0.0,"enemies":"Cultist","floor":3.0,"turns":1.0},{"damage":0.0,"enemies":"Small Slimes","floor":5.0,"turns":1.0},{"damage":30.0,"enemies":"Lagavulin","floor":6.0,"turns":7.0},{"damage":6.0,"enemies":"Red Slaver","floor":7.0,"turns":4.0},{"damage":4.0,"enemies":"Blue Slaver","floor":8.0,"turns":2.0},{"damage":4.0,"enemies":"3 Sentries","floor":12.0,"turns":7.0},{"damage":0.0,"enemies":"Gremlin Gang","floor":13.0,"turns":4.0},{"damage":6.0,"enemies":"Lagavulin","floor":14.0,"turns":4.0},{"damage":3.0,"enemies":"The Guardian","floor":16.0,"turns":10.0},{"damage":8.0,"enemies":"Spheric Guardian","floor":18.0,"turns":5.0},{"damage":7.0,"enemies":"3 Byrds","floor":20.0,"turns":5.0},{"damage":8.0,"enemies":"Centurion and Healer","floor":21.0,"turns":13.0},{"damage":13.0,"enemies":"Slavers","floor":24.0,"turns":7.0},{"damage":9.0,"enemies":"Snake Plant","floor":25.0,"turns":9.0},{"damage":11.0,"enemies":"Gremlin Leader","floor":27.0,"turns":5.0},{"damage":1.0,"enemies":"Shelled Parasite and Fungi","floor":28.0,"turns":8.0},{"damage":15,"enemies":"Masked Bandits","floor":29,"turns":4}],"seed_played":"-3010743848388982728","potions_obtained":[{"floor":1.0,"key":"LiquidMemories"},{"floor":4.0,"key":"SmokeBomb"},{"floor":5.0,"key":"EssenceOfSteel"},{"floor":6.0,"key":"Swift Potion"},{"floor":13.0,"key":"Fire Potion"},{"floor":20.0,"key":"Strength Potion"},{"floor":25.0,"key":"Weak Potion"}],"is_trial":false,"path_per_floor":["M","?","M","?","M","E","M","M","T","R","?","E","M","E","R","B",null,"M","?","M","M","$","R","E","M","T","E","M","?"],"character_chosen":"THE_SILENT","items_purchased":["PreservedInsect","Apotheosis","Footwork"],"campfire_rested":2,"item_purchase_floors":[22,22,22],"current_hp_per_floor":[59,59,59,59,59,29,23,19,19,38,38,34,34,28,28,25,56,48,48,41,33,33,52,39,30,30,19,18,3],"gold":112,"neow_bonus":"THREE_ENEMY_KILL","is_prod":false,"is_daily":false,"chose_seed":false,"campfire_upgraded":1,"win_rate":0,"timestamp":1654362883,"path_taken":["M","?","?","?","?","E","M","M","T","R","?","E","M","E","R","BOSS","M","?","M","?","?","R","E","?","T","E","M","?"],"build_version":"2022-03-07","purchased_purges":1,"victory":false,"max_hp_per_floor":[66,66,66,66,66,66,66,66,66,66,66,66,66,66,66,66,66,66,66,66,66,66,66,66,66,66,66,66,66],"card_choices":[{"not_picked":["Expertise","Choke"],"picked":"Endless Agony","floor":1.0},{"not_picked":["Tactician","Slice"],"picked":"Poisoned Stab","floor":3.0},{"not_picked":["Underhanded Strike","Prepared"],"picked":"Sucker Punch","floor":5.0},{"not_picked":["Flying Knee","Catalyst"],"picked":"Bouncing Flask","floor":6.0},{"not_picked":["Dodge and Roll","Blur"],"picked":"Backstab","floor":7.0},{"not_picked":["Bane","Acrobatics"],"picked":"Dash","floor":8.0},{"not_picked":["Flechettes","Dagger Throw"],"picked":"Footwork","floor":12.0},{"not_picked":["Flying Knee","Underhanded Strike"],"picked":"Burst","floor":13.0},{"not_picked":["Cloak And Dagger","Backstab"],"picked":"Footwork","floor":14.0},{"not_picked":["Unload","Glass Knife"],"picked":"Wraith Form v2","floor":16.0},{"not_picked":["Underhanded Strike+1","Dagger Throw","Sucker Punch"],"picked":"SKIP","floor":18.0},{"not_picked":["Choke","Underhanded Strike"],"picked":"Expertise","floor":20.0},{"not_picked":["Sucker Punch+1","Concentrate"],"picked":"Crippling Poison","floor":21.0},{"not_picked":["Tools of the Trade","Eviscerate"],"picked":"Dodge and Roll+1","floor":24.0},{"not_picked":["Bane","Expertise"],"picked":"Dodge and Roll","floor":25.0},{"not_picked":["Blade Dance","Riddle With Holes","Dash"],"picked":"SKIP","floor":27.0},{"not_picked":["Blade Dance","Tactician"],"picked":"Backflip","floor":28.0}],"player_experience":1165339,"relics_obtained":[{"floor":6.0,"key":"Ice Cream"},{"floor":9.0,"key":"HornCleat"},{"floor":12.0,"key":"Akabeko"},{"floor":14.0,"key":"Anchor"},{"floor":24.0,"key":"Centennial Puzzle"},{"floor":27.0,"key":"MawBank"}],"event_choices":[{"cards_removed":["Endless Agony"],"damage_healed":0.0,"max_hp_gain":0.0,"max_hp_loss":0.0,"gold_gain":0.0,"event_name":"WeMeetAgain","player_choice":"Gave Card","floor":2.0,"gold_loss":0.0,"damage_taken":0.0,"relics_obtained":["StrikeDummy"]},{"damage_healed":0.0,"max_hp_gain":0.0,"max_hp_loss":0.0,"gold_gain":0.0,"event_name":"The Woman in Blue","player_choice":"Bought 1 Potion","floor":4.0,"gold_loss":0.0,"damage_taken":0.0},{"damage_healed":0.0,"max_hp_gain":0.0,"max_hp_loss":0.0,"gold_gain":0.0,"event_name":"Liars Game","player_choice":"Ignored","floor":11.0,"gold_loss":0.0,"damage_taken":0.0},{"damage_healed":0.0,"max_hp_gain":0.0,"max_hp_loss":0.0,"gold_gain":50.0,"event_name":"Golden Shrine","player_choice":"Pray","floor":19.0,"gold_loss":0.0,"damage_taken":0.0},{"damage_healed":0,"gold_gain":0,"player_choice":"Fought Bandits","damage_taken":0,"max_hp_gain":0,"max_hp_loss":0,"event_name":"Masked Bandits","floor":29,"gold_loss":0}],"is_beta":false,"boss_relics":[{"not_picked":["Ring of the Serpent","Busted Crown"],"picked":"SacredBark"}],"items_purged_floors":[22],"is_endless":false,"potions_floor_spawned":[1,5,6,13,14,18,20,25],"killed_by":"Masked Bandits","ascension_level":20}