{"gold_per_floor":[117,117,132,132,145,145,180,180,204,235,247,266,266,301,301,378,378,397,411,411,426,89,89,122,139,221,221,234,1,1,36,36,112,112,127,42,42,42,52,52,80,80,105,105,131,146,178,178,178,178,178,178,178,7,35,35],"floor_reached":56,"playtime":2693,"items_purged":["Anger+1","Strike_R"],"score":1957,"play_id":"93f8e450-eab3-44f9-912e-42021b1225d8","local_time":"20220604235033","is_ascension_mode":true,"campfire_choices":[{"data":"Bash","floor":6.0,"key":"SMITH"},{"data":"Anger","floor":13.0,"key":"SMITH"},{"data":"True Grit","floor":15.0,"key":"SMITH"},{"data":"Uppercut","floor":23.0,"key":"SMITH"},{"floor":27.0,"key":"REST"},{"data":"The Bomb","floor":30.0,"key":"SMITH"},{"data":"Shockwave","floor":32.0,"key":"SMITH"},{"data":"Fire Breathing","floor":40.0,"key":"SMITH"},{"floor":42.0,"key":"REST"},{"data":"Power Through","floor":44.0,"key":"SMITH"},{"floor":49.0,"key":"RECALL"},{"data":"Feel No Pain","floor":53.0,"key":"SMITH"}],"neow_cost":"NONE","seed_source_timestamp":0,"circlet_count":0,"master_deck":["AscendersBane","Strike_R","Strike_R","Strike_R","Strike_R","Defend_R+1","Defend_R","Defend_R","Defend_R+1","Bash+1","Dropkick","Carnage","Seeing Red","Headbutt","True Grit+1","Fiend Fire+1","Shrug It Off","Dark Embrace","Feed","Uppercut+1","Pommel Strike+1","Shockwave+1","Power Through+1","Clothesline","The Bomb+1","Disarm","Immolate+1","Fire Breathing+1","Feel No Pain+1","Flame Barrier","Fiend Fire+1","Body Slam+1","Pommel Strike+1","Shockwave"],"special_seed":0,"relics":["Burning Blood","Toy Ornithopter","Strawberry","Vajra","Blood Vial","Smiling Mask","Snecko Eye","Orrery","Orichalcum","Sundial","Molten Egg 2","Velvet Choker","Magic Flower","Anchor","Pear","Mercury Hourglass","Toolbox","Oddly Smooth Stone"],"potions_floor_usage":[56,56],"damage_taken":[{"damage":4.0,"enemies":"Small Slimes","floor":1.0,"turns":4.0},{"damage":1.0,"enemies":"2 Louse","floor":3.0,"turns":3.0},{"damage":6.0,"enemies":"Cultist","floor":5.0,"turns":3.0},{"damage":37.0,"enemies":"3 Sentries","floor":7.0,"turns":8.0},{"damage":10.0,"enemies":"Gremlin Nob","floor":10.0,"turns":3.0},{"damage":2.0,"enemies":"Large Slime","floor":11.0,"turns":3.0},{"damage":6.0,"enemies":"Exordium Wildlife","floor":12.0,"turns":5.0},{"damage":24.0,"enemies":"3 Sentries","floor":14.0,"turns":6.0},{"damage":46.0,"enemies":"Hexaghost","floor":16.0,"turns":8.0},{"damage":2.0,"enemies":"Spheric Guardian","floor":18.0,"turns":3.0},{"damage":0.0,"enemies":"3 Byrds","floor":19.0,"turns":2.0},{"damage":24.0,"enemies":"Snake Plant","floor":21.0,"turns":3.0},{"damage":55.0,"enemies":"Slavers","floor":24.0,"turns":8.0},{"damage":6.0,"enemies":"Centurion and Healer","floor":25.0,"turns":8.0},{"damage":4.0,"enemies":"Cultist and Chosen","floor":28.0,"turns":4.0},{"damage":14.0,"enemies":"Book of Stabbing","floor":31.0,"turns":4.0},{"damage":41.0,"enemies":"Collector","floor":33.0,"turns":6.0},{"damage":5.0,"enemies":"3 Shapes","floor":35.0,"turns":4.0},{"damage":14.0,"enemies":"3 Darklings","floor":39.0,"turns":3.0},{"damage":57.0,"enemies":"Reptomancer","floor":41.0,"turns":6.0},{"damage":38.0,"enemies":"Giant Head","floor":45.0,"turns":7.0},{"damage":0.0,"enemies":"Jaw Worm Horde","floor":46.0,"turns":2.0},{"damage":20.0,"enemies":"Nemesis","floor":47.0,"turns":5.0},{"damage":39.0,"enemies":"Time Eater","floor":50.0,"turns":9.0},{"damage":74.0,"enemies":"Awakened One","floor":51.0,"turns":15.0},{"damage":60,"enemies":"Shield and Spear","floor":55,"turns":6},{"damage":52,"enemies":"The Heart","floor":56,"turns":8}],"seed_played":"-1617029932741470553","potions_obtained":[{"floor":10.0,"key":"SpeedPotion"},{"floor":11.0,"key":"Swift Potion"},{"floor":16.0,"key":"LiquidBronze"},{"floor":24.0,"key":"FearPotion"},{"floor":25.0,"key":"Strength Potion"},{"floor":33.0,"key":"DistilledChaos"},{"floor":39.0,"key":"Strength Potion"},{"floor":45.0,"key":"Ancient Potion"}],"is_trial":false,"path_per_floor":["M","?","M","?","M","R","E","?","T","E","M","M","R","E","R","B",null,"M","M","?","M","$","R","E","M","T","R","M","$","R","E","R","B",null,"M","$","?","T","M","R","E","R","T","R","E","M","E","?","R","B","B",null,"R","$","E","B"],"character_chosen":"IRONCLAD","items_purchased":["Dark Embrace","Orrery","SkillPotion","The Bomb","Feel No Pain","Toolbox"],"campfire_rested":2,"item_purchase_floors":[22,22,22,29,36,54],"current_hp_per_floor":[70,47,52,52,52,52,28,55,55,51,57,59,59,43,43,15,65,71,82,82,64,64,64,25,30,30,56,63,63,63,57,57,34,77,83,83,78,78,72,72,28,56,56,56,40,52,44,104,104,74,12,81,81,81,33,0],"gold":35,"neow_bonus":"RANDOM_COMMON_RELIC","is_prod":false,"is_daily":false,"chose_seed":false,"campfire_upgraded":9,"win_rate":0,"timestamp":1654411833,"path_taken":["M","?","M","?","M","R","E","?","T","E","M","M","R","E","R","BOSS","M","M","?","M","$","R","E","M","T","R","M","$","R","E","R","BOSS","M","?","?","?","M","R","E","R","T","R","E","M","E","?","R","BOSS","BOSS","R","$","E","BOSS"],"build_version":"2022-03-07","purchased_purges":2,"victory":false,"max_hp_per_floor":[75,75,75,75,75,75,82,82,82,82,82,82,82,82,82,82,82,82,82,82,82,82,82,85,88,88,88,91,91,91,91,91,91,91,94,94,94,94,94,94,94,94,94,94,104,104,104,104,104,104,104,104,104,104,104,104],"card_choices":[{"not_picked":["Cleave","Body Slam"],"picked":"Dropkick","floor":1.0},{"not_picked":["Armaments","Heavy Blade"],"picked":"Anger","floor":3.0},{"not_picked":["Headbutt","Clash"],"picked":"Carnage","floor":5.0},{"not_picked":["Flex","Sever Soul","Pummel"],"picked":"SKIP","floor":7.0},{"not_picked":["Wild Strike","Second Wind","Twin Strike"],"picked":"SKIP","floor":10.0},{"not_picked":["Body Slam","Thunderclap"],"picked":"Seeing Red","floor":11.0},{"not_picked":["True Grit","Dual Wield"],"picked":"Headbutt","floor":12.0},{"not_picked":["Intimidate","Havoc"],"picked":"True Grit","floor":14.0},{"not_picked":["Reaper","Double Tap"],"picked":"Fiend Fire","floor":16.0},{"not_picked":["Iron Wave","Anger","Warcry"],"picked":"SKIP","floor":18.0},{"not_picked":["Whirlwind","Twin Strike"],"picked":"Shrug It Off","floor":19.0},{"not_picked":["Rage","Clash","Battle Trance+1"],"picked":"SKIP","floor":21.0},{"not_picked":["Iron Wave","Wild Strike"],"picked":"Feed","floor":22.0},{"not_picked":["Reckless Charge","Dropkick"],"picked":"Uppercut","floor":22.0},{"not_picked":["Shrug It Off","Body Slam"],"picked":"Pommel Strike+1","floor":22.0},{"not_picked":["Uppercut","Sever Soul"],"picked":"Shockwave","floor":24.0},{"not_picked":["Thunderclap","Rage"],"picked":"Power Through","floor":25.0},{"not_picked":["Cleave","Hemokinesis"],"picked":"Clothesline","floor":28.0},{"not_picked":["Iron Wave+1","Havoc"],"picked":"Disarm","floor":31.0},{"not_picked":["Brutality","Feed+1"],"picked":"Immolate+1","floor":33.0},{"not_picked":["Anger+1","Wild Strike+1"],"picked":"Fire Breathing","floor":35.0},{"not_picked":["Iron Wave+1","Heavy Blade+1"],"picked":"Flame Barrier","floor":39.0},{"not_picked":["Disarm","Clothesline+1"],"picked":"Fiend Fire+1","floor":41.0},{"not_picked":["Headbutt+1","Warcry","Clash+1"],"picked":"SKIP","floor":45.0},{"not_picked":["Thunderclap+1","Metallicize+1"],"picked":"Body Slam+1","floor":46.0},{"not_picked":["Fire Breathing","Flame Barrier"],"picked":"Pommel Strike+1","floor":47.0},{"not_picked":["True Grit","Heavy Blade+1"],"picked":"Shockwave","floor":55}],"player_experience":1170739,"relics_obtained":[{"floor":7.0,"key":"Strawberry"},{"floor":9.0,"key":"Vajra"},{"floor":10.0,"key":"Blood Vial"},{"floor":14.0,"key":"Smiling Mask"},{"floor":24.0,"key":"Orichalcum"},{"floor":26.0,"key":"Sundial"},{"floor":31.0,"key":"Molten Egg 2"},{"floor":41.0,"key":"Magic Flower"},{"floor":43.0,"key":"Anchor"},{"floor":45.0,"key":"Pear"},{"floor":47.0,"key":"Mercury Hourglass"},{"floor":55,"key":"Oddly Smooth Stone"}],"event_choices":[{"damage_healed":0.0,"max_hp_gain":0.0,"max_hp_loss":0.0,"gold_gain":0.0,"event_name":"Shining Light","player_choice":"Entered Light","floor":2.0,"gold_loss":0.0,"damage_taken":23.0,"cards_upgraded":["Defend_R","Defend_R"]},{"damage_healed":0.0,"max_hp_gain":0.0,"max_hp_loss":0.0,"gold_gain":0.0,"event_name":"Liars Game","player_choice":"Ignored","floor":4.0,"gold_loss":0.0,"damage_taken":0.0},{"damage_healed":27.0,"max_hp_gain":0.0,"max_hp_loss":0.0,"gold_gain":0.0,"event_name":"Big Fish","player_choice":"Banana","floor":8.0,"gold_loss":0.0,"damage_taken":0.0},{"damage_healed":0.0,"max_hp_gain":0.0,"max_hp_loss":0.0,"gold_gain":0.0,"event_name":"Accursed Blacksmith","player_choice":"Forge","floor":20.0,"gold_loss":0.0,"damage_taken":0.0,"cards_upgraded":["Fiend Fire"]},{"damage_healed":0.0,"max_hp_gain":0.0,"max_hp_loss":0.0,"gold_gain":0.0,"event_name":"SensoryStone","player_choice":"Memory 2","floor":37.0,"gold_loss":0.0,"damage_taken":5.0},{"damage_healed":60.0,"max_hp_gain":0.0,"max_hp_loss":0.0,"gold_gain":0.0,"event_name":"Wheel of Change","player_choice":"Full Heal","floor":48.0,"gold_loss":0.0,"damage_taken":0.0}],"is_beta":false,"boss_relics":[{"not_picked":["Ectoplasm","Tiny House"],"picked":"Snecko Eye"},{"not_picked":["Runic Dome","Sozu"],"picked":"Velvet Choker"}],"items_purged_floors":[22,29],"is_endless":false,"potions_floor_spawned":[10,11,14,16,24,25,31,33,39,45,47],"killed_by":"The Heart","ascension_level":20}