{"gold_per_floor":[109,109,109,122,122,122,197,223,250,270,270,87,97,132,132,203,203,213,213,213,29,29,56,56,90,90,100,129,148,161,172,172,251,251,264,318,318,333,48,48,83,83,83,83,102,114,127,162,162,162,162,162,162,21,48,48],"floor_reached":57,"playtime":2527,"items_purged":["Strike_B","Strike_B+1"],"score":3006,"play_id":"5ab784e9-7a05-492c-8a78-7cc66af38484","local_time":"20220531144205","is_ascension_mode":true,"campfire_choices":[{"data":"Biased Cognition","floor":6.0,"key":"SMITH"},{"floor":11.0,"key":"REST"},{"data":"Zap","floor":15.0,"key":"SMITH"},{"data":"Defragment","floor":24.0,"key":"SMITH"},{"data":"Loop","floor":32.0,"key":"SMITH"},{"data":"Biased Cognition","floor":40.0,"key":"SMITH"},{"floor":44.0,"key":"RECALL"},{"data":"Biased Cognition","floor":49.0,"key":"SMITH"},{"floor":53,"key":"REST"}],"neow_cost":"NONE","seed_source_timestamp":0,"circlet_count":0,"master_deck":["AscendersBane","Strike_B+1","Defend_B","Defend_B","Defend_B","Zap+1","Dualcast","Cold Snap+1","Biased Cognition+1","Barrage+1","Coolheaded+1","Turbo+1","Electrodynamics","Compile Driver","Compile Driver","Biased Cognition+1","CurseOfTheBell","Darkness+1","Ghostly+1","Ghostly+1","Ghostly+1","Loop+1","Defragment+1","Chill+1","Coolheaded+1","Darkness+1","Defragment+1","Coolheaded+1","Seek+1","Hologram+1","Zap+1","Biased Cognition+1","Coolheaded+1"],"special_seed":0,"relics":["Cracked Core","Anchor","Prayer Wheel","Toxic Egg 2","Molten Egg 2","Calling Bell","Toy Ornithopter","InkBottle","Mango","Nloth\u0027s Gift","Happy Flower","Singing Bowl","Bottled Tornado","Pear","Busted Crown","Calipers","Bottled Lightning","StrikeDummy","Potion Belt","Ginger"],"potions_floor_usage":[51,56,56],"damage_taken":[{"damage":2.0,"enemies":"2 Louse","floor":1.0,"turns":3.0},{"damage":0.0,"enemies":"Small Slimes","floor":4.0,"turns":2.0},{"damage":7.0,"enemies":"Lagavulin","floor":8.0,"turns":5.0},{"damage":4.0,"enemies":"Cultist","floor":10.0,"turns":3.0},{"damage":0.0,"enemies":"Large Slime","floor":13.0,"turns":3.0},{"damage":8.0,"enemies":"3 Sentries","floor":14.0,"turns":4.0},{"damage":16.0,"enemies":"The Guardian","floor":16.0,"turns":9.0},{"damage":0.0,"enemies":"2 Thieves","floor":18.0,"turns":2.0},{"damage":0.0,"enemies":"Book of Stabbing","floor":23.0,"turns":4.0},{"damage":8.0,"enemies":"Gremlin Leader","floor":25.0,"turns":5.0},{"damage":0.0,"enemies":"Spheric Guardian","floor":27.0,"turns":4.0},{"damage":0.0,"enemies":"Book of Stabbing","floor":28.0,"turns":5.0},{"damage":0.0,"enemies":"Centurion and Healer","floor":29.0,"turns":4.0},{"damage":15.0,"enemies":"Cultist and Chosen","floor":30.0,"turns":6.0},{"damage":0.0,"enemies":"Shelled Parasite and Fungi","floor":31.0,"turns":4.0},{"damage":4.0,"enemies":"Collector","floor":33.0,"turns":9.0},{"damage":20.0,"enemies":"3 Darklings","floor":35.0,"turns":3.0},{"damage":7.0,"enemies":"2 Orb Walkers","floor":36.0,"turns":4.0},{"damage":0.0,"enemies":"3 Shapes","floor":38.0,"turns":4.0},{"damage":0.0,"enemies":"Nemesis","floor":41.0,"turns":5.0},{"damage":0.0,"enemies":"3 Darklings","floor":45.0,"turns":2.0},{"damage":0.0,"enemies":"Sphere and 2 Shapes","floor":46.0,"turns":2.0},{"damage":0.0,"enemies":"Maw","floor":47.0,"turns":5.0},{"damage":0.0,"enemies":"Giant Head","floor":48.0,"turns":8.0},{"damage":2,"enemies":"Donu and Deca","floor":50,"turns":6},{"damage":16,"enemies":"Awakened One","floor":51,"turns":10},{"damage":4,"enemies":"Shield and Spear","floor":55,"turns":6},{"damage":78,"enemies":"The Heart","floor":56,"turns":9}],"seed_played":"-5424713843635004865","potions_obtained":[{"floor":1.0,"key":"AttackPotion"},{"floor":4.0,"key":"FocusPotion"},{"floor":18.0,"key":"LiquidBronze"},{"floor":23.0,"key":"DuplicationPotion"},{"floor":28.0,"key":"Energy Potion"},{"floor":36.0,"key":"DistilledChaos"}],"is_trial":false,"path_per_floor":["M","?","?","M","?","R","?","E","T","M","R","$","M","E","R","B",null,"M","?","?","$","?","E","R","E","T","M","E","M","M","M","R","B",null,"M","?","?","M","$","R","E","?","T","R","M","M","M","E","R","B","B",null,"R","$","E","B",null],"character_chosen":"DEFECT","items_purchased":["FocusPotion","Block Potion","Loop","Bottled Lightning","PotionOfCapacity","Coolheaded+1"],"campfire_rested":2,"item_purchase_floors":[12,12,21,39,54,54],"current_hp_per_floor":[62,62,62,62,41,41,30,23,23,19,40,40,40,32,32,16,71,76,42,42,42,42,42,42,36,36,36,48,50,39,39,39,35,55,37,32,32,36,36,36,38,38,38,38,42,46,50,50,50,48,37,72,84,84,82,8],"gold":48,"neow_bonus":"RANDOM_COMMON_RELIC","is_prod":false,"is_daily":false,"chose_seed":false,"campfire_upgraded":6,"win_rate":0,"timestamp":1654033325,"path_taken":["M","?","?","?","?","R","?","E","T","M","R","$","M","E","R","BOSS","M","?","?","?","?","E","R","E","T","?","E","M","?","M","R","BOSS","M","?","?","M","$","R","E","?","T","R","M","M","?","E","R","BOSS","BOSS","R","$","E","BOSS"],"build_version":"2022-03-07","purchased_purges":2,"victory":true,"max_hp_per_floor":[71,71,71,71,71,71,71,71,71,71,71,71,71,71,71,71,85,85,42,42,42,42,42,42,44,44,44,56,58,62,62,62,62,62,64,66,66,70,70,70,72,72,72,72,76,80,84,84,84,84,84,84,84,84,86,86],"card_choices":[{"not_picked":["Chill","Melter"],"picked":"Cold Snap","floor":1.0},{"not_picked":["Steam","Stack"],"picked":"Barrage","floor":4.0},{"not_picked":["Streamline","Redo","Auto Shields"],"picked":"SKIP","floor":4.0},{"not_picked":["Aggregate+1","Darkness+1"],"picked":"Coolheaded+1","floor":8.0},{"not_picked":["Reprogram+1","Redo+1"],"picked":"Turbo+1","floor":10.0},{"not_picked":["Rebound","Cold Snap"],"picked":"Electrodynamics","floor":10.0},{"not_picked":["Turbo+1","Cold Snap"],"picked":"Compile Driver","floor":13.0},{"not_picked":["Cold Snap","Barrage"],"picked":"Compile Driver","floor":13.0},{"not_picked":["Leap+1","Hello World","Rebound+1"],"picked":"SKIP","floor":14.0},{"not_picked":["Buffer","Thunder Strike+1"],"picked":"Biased Cognition","floor":16.0},{"not_picked":["Compile Driver+1","Stack+1"],"picked":"Darkness+1","floor":18.0},{"not_picked":["Ball Lightning+1","Leap+1","Gash+1"],"picked":"SKIP","floor":18.0},{"not_picked":["Static Discharge","Hyperbeam+1"],"picked":"Defragment","floor":23.0},{"not_picked":["Creative AI","Stack+1","Multi-Cast+1"],"picked":"Singing Bowl","floor":25.0},{"not_picked":["Go for the Eyes+1","Rebound+1"],"picked":"Chill+1","floor":27.0},{"not_picked":["Undo+1","Turbo+1"],"picked":"Coolheaded+1","floor":27.0},{"not_picked":["Go for the Eyes+1","Cold Snap+1","Leap+1"],"picked":"Singing Bowl","floor":28.0},{"not_picked":["Steam Power+1","FTL+1"],"picked":"Darkness+1","floor":29.0},{"not_picked":["Redo+1","Darkness+1","Meteor Strike+1"],"picked":"Singing Bowl","floor":29.0},{"not_picked":["Chaos+1","Rip and Tear+1","Beam Cell+1"],"picked":"Singing Bowl","floor":30.0},{"not_picked":["Steam+1","Tempest+1","Sweeping Beam+1"],"picked":"Singing Bowl","floor":30.0},{"not_picked":["Sweeping Beam+1","Recycle+1"],"picked":"Defragment+1","floor":31.0},{"not_picked":["Leap+1","Consume+1"],"picked":"Coolheaded+1","floor":31.0},{"not_picked":["Rainbow+1","Machine Learning"],"picked":"Seek+1","floor":33.0},{"not_picked":[],"picked":"Hologram+1","floor":35.0},{"not_picked":["Double Energy+1"],"picked":"Singing Bowl","floor":35.0},{"not_picked":["Storm"],"picked":"Singing Bowl","floor":36.0},{"not_picked":["Sunder+1"],"picked":"Singing Bowl","floor":38.0},{"not_picked":["Streamline+1"],"picked":"Singing Bowl","floor":38.0},{"not_picked":["Self Repair"],"picked":"Singing Bowl","floor":41.0},{"not_picked":["Static Discharge+1"],"picked":"Singing Bowl","floor":45.0},{"not_picked":["Leap+1"],"picked":"Singing Bowl","floor":45.0},{"not_picked":["Turbo+1"],"picked":"Singing Bowl","floor":46.0},{"not_picked":["Steam Power+1"],"picked":"Singing Bowl","floor":46.0},{"not_picked":["White Noise+1"],"picked":"Singing Bowl","floor":47.0},{"not_picked":["Genetic Algorithm+1"],"picked":"Singing Bowl","floor":47.0},{"not_picked":[],"picked":"Biased Cognition","floor":48.0},{"not_picked":["Chaos+1"],"picked":"Singing Bowl","floor":55}],"player_experience":1152878,"relics_obtained":[{"floor":8.0,"key":"Toxic Egg 2"},{"floor":9.0,"key":"Whetstone"},{"floor":14.0,"key":"Molten Egg 2"},{"floor":17.0,"key":"Toy Ornithopter"},{"floor":17.0,"key":"InkBottle"},{"floor":17.0,"key":"Mango"},{"floor":23.0,"key":"Happy Flower"},{"floor":25.0,"key":"Singing Bowl"},{"floor":26.0,"key":"Bottled Tornado"},{"floor":28.0,"key":"Pear"},{"floor":36.0,"key":"Calipers"},{"floor":41.0,"key":"StrikeDummy"},{"floor":48.0,"key":"Potion Belt"},{"floor":55,"key":"Ginger"}],"event_choices":[{"damage_healed":0.0,"max_hp_gain":0.0,"max_hp_loss":0.0,"gold_gain":0.0,"cards_transformed":["Strike_B"],"event_name":"Living Wall","player_choice":"Change","floor":2.0,"gold_loss":0.0,"damage_taken":0.0,"cards_obtained":["Biased Cognition"]},{"damage_healed":0.0,"max_hp_gain":0.0,"max_hp_loss":0.0,"gold_gain":0.0,"event_name":"WeMeetAgain","player_choice":"Gave Potion","floor":3.0,"gold_loss":0.0,"damage_taken":0.0,"relics_obtained":["Prayer Wheel"]},{"damage_healed":0.0,"max_hp_gain":0.0,"max_hp_loss":0.0,"gold_gain":0.0,"event_name":"Shining Light","player_choice":"Entered Light","floor":5.0,"gold_loss":0.0,"damage_taken":21.0,"cards_upgraded":["Strike_B","Cold Snap"]},{"damage_healed":0.0,"max_hp_gain":0.0,"max_hp_loss":0.0,"gold_gain":75.0,"event_name":"World of Goop","player_choice":"Gather Gold","floor":7.0,"gold_loss":0.0,"damage_taken":11.0},{"damage_healed":0.0,"max_hp_gain":0.0,"max_hp_loss":43.0,"gold_gain":0.0,"event_name":"Ghosts","player_choice":"Became a Ghost","floor":19.0,"gold_loss":0.0,"damage_taken":0.0,"cards_obtained":["Ghostly","Ghostly","Ghostly"]},{"damage_healed":0.0,"max_hp_gain":0.0,"max_hp_loss":0.0,"gold_gain":0.0,"event_name":"Vampires","player_choice":"Ignored","floor":20.0,"gold_loss":0.0,"damage_taken":0.0},{"damage_healed":0.0,"max_hp_gain":0.0,"max_hp_loss":0.0,"gold_gain":0.0,"event_name":"N\u0027loth","player_choice":"Traded Relic","floor":22.0,"relics_lost":["Whetstone"],"gold_loss":0.0,"damage_taken":0.0,"relics_obtained":["Nloth\u0027s Gift"]},{"damage_healed":0.0,"max_hp_gain":0.0,"max_hp_loss":0.0,"gold_gain":0.0,"event_name":"Mysterious Sphere","player_choice":"Fight","floor":36.0,"gold_loss":0.0,"damage_taken":0.0},{"cards_removed":["Defend_B"],"damage_healed":0.0,"max_hp_gain":0.0,"max_hp_loss":0.0,"gold_gain":0.0,"event_name":"Falling","player_choice":"Removed Skill","floor":37.0,"gold_loss":0.0,"damage_taken":0.0},{"damage_healed":0.0,"max_hp_gain":0.0,"max_hp_loss":0.0,"gold_gain":0.0,"event_name":"Match and Keep!","player_choice":"1 cards matched","floor":42.0,"gold_loss":0.0,"damage_taken":0.0,"cards_obtained":["Zap"]}],"is_beta":false,"boss_relics":[{"not_picked":["Snecko Eye","FrozenCore"],"picked":"Calling Bell"},{"not_picked":["Philosopher\u0027s Stone","SacredBark"],"picked":"Busted Crown"}],"items_purged_floors":[12,21],"is_endless":false,"potions_floor_spawned":[1,4,14,18,23,28,30,33,36,45,47],"ascension_level":20}