{"gold_per_floor":[112,112,130,140,158,185,185,185,208,242,252,269,297,372,372,448,448,462,478,155,155,175,200,200,200,248,248,263,263,294,311,311,311],"floor_reached":33,"playtime":2044,"items_purged":["All Out Attack"],"score":614,"play_id":"f6088139-0c02-4b5a-ae59-c87c2327fed2","local_time":"20220608221929","is_ascension_mode":true,"campfire_choices":[{"data":"Deadly Poison","floor":8.0,"key":"SMITH"},{"floor":15.0,"key":"REST"},{"floor":24,"key":"REST"},{"data":"Adrenaline","floor":27,"key":"SMITH"},{"data":"A Thousand Cuts","floor":29,"key":"SMITH"},{"floor":32,"key":"REST"}],"neow_cost":"NONE","seed_source_timestamp":0,"circlet_count":0,"master_deck":["AscendersBane","Survivor","Neutralize","Adrenaline+1","Calculated Gamble","Blur","Deadly Poison+1","Blade Dance","Adrenaline","Eviscerate","After Image","A Thousand Cuts+1","Backflip","Doppelganger","Bouncing Flask","Concentrate","Leg Sweep","Underhanded Strike","Backstab","Envenom","Crippling Poison","Footwork","Catalyst","Catalyst+1","Cloak And Dagger+1","Terror"],"special_seed":0,"relics":["Ring of the Snake","Ancient Tea Set","Potion Belt","Nunchaku","Bottled Lightning","Orichalcum","Pandora\u0027s Box","ClockworkSouvenir","Calipers","NlothsMask","Mercury Hourglass"],"potions_floor_usage":[31],"damage_taken":[{"damage":0.0,"enemies":"2 Louse","floor":1.0,"turns":3.0},{"damage":1.0,"enemies":"Cultist","floor":3.0,"turns":4.0},{"damage":0.0,"enemies":"Small Slimes","floor":4.0,"turns":4.0},{"damage":0.0,"enemies":"3 Louse","floor":5.0,"turns":4.0},{"damage":21.0,"enemies":"Lagavulin","floor":6.0,"turns":8.0},{"damage":19.0,"enemies":"3 Sentries","floor":10.0,"turns":11.0},{"damage":0.0,"enemies":"Looter","floor":11.0,"turns":2.0},{"damage":3.0,"enemies":"Gremlin Gang","floor":12.0,"turns":5.0},{"damage":16.0,"enemies":"Lagavulin","floor":13.0,"turns":8.0},{"damage":7.0,"enemies":"The Guardian","floor":16.0,"turns":11.0},{"damage":6.0,"enemies":"Shell Parasite","floor":18.0,"turns":4.0},{"damage":6.0,"enemies":"3 Byrds","floor":19.0,"turns":5.0},{"damage":3.0,"enemies":"Snake Plant","floor":22.0,"turns":4.0},{"damage":28,"enemies":"Slavers","floor":23,"turns":5},{"damage":2,"enemies":"Centurion and Healer","floor":28,"turns":4},{"damage":5,"enemies":"Gremlin Leader","floor":30,"turns":3},{"damage":2,"enemies":"Cultist and Chosen","floor":31,"turns":3},{"damage":40,"enemies":"Collector","floor":33,"turns":3}],"seed_played":"5965079351304129963","potions_obtained":[{"floor":3.0,"key":"AttackPotion"},{"floor":4.0,"key":"BlessingOfTheForge"},{"floor":6.0,"key":"Regen Potion"},{"floor":12.0,"key":"GamblersBrew"},{"floor":13.0,"key":"Weak Potion"},{"floor":16.0,"key":"SpeedPotion"},{"floor":18.0,"key":"AttackPotion"},{"floor":30,"key":"DuplicationPotion"}],"is_trial":false,"path_per_floor":["M","?","M","M","M","E","?","R","T","E","M","M","E","?","R","B",null,"M","M","$","?","M","E","R","?","T","R","M","R","E","M","R","B"],"character_chosen":"THE_SILENT","items_purchased":["Footwork","ClockworkSouvenir"],"campfire_rested":3,"item_purchase_floors":[20,20],"current_hp_per_floor":[59,59,58,58,58,37,37,37,37,33,33,30,14,3,22,15,53,47,41,41,41,38,10,29,29,29,29,27,27,22,20,39,0],"gold":311,"neow_bonus":"ONE_RANDOM_RARE_CARD","is_prod":false,"is_daily":false,"chose_seed":false,"campfire_upgraded":3,"win_rate":0,"timestamp":1654751969,"path_taken":["M","?","?","M","M","E","?","R","T","E","M","M","E","?","R","BOSS","M","M","$","?","?","E","R","?","T","R","M","R","E","M","R","BOSS"],"build_version":"2022-03-07","purchased_purges":1,"victory":false,"max_hp_per_floor":[66,66,66,66,66,66,66,66,66,66,66,66,66,66,66,66,66,66,66,66,66,66,66,66,66,66,66,66,66,66,66,66,66],"card_choices":[{"not_picked":["Acrobatics","Infinite Blades"],"picked":"Calculated Gamble","floor":1.0},{"not_picked":["Prepared","Bane"],"picked":"Sucker Punch","floor":3.0},{"not_picked":["Acrobatics","Catalyst"],"picked":"Blur","floor":4.0},{"not_picked":["Backstab","Underhanded Strike"],"picked":"Deadly Poison","floor":5.0},{"not_picked":["Bane","Slice"],"picked":"Blade Dance","floor":6.0},{"not_picked":["Dagger Spray","Deadly Poison"],"picked":"Adrenaline","floor":10.0},{"not_picked":["Poisoned Stab","Dagger Throw","Dodge and Roll"],"picked":"SKIP","floor":11.0},{"not_picked":["Prepared","Sucker Punch"],"picked":"Eviscerate","floor":12.0},{"not_picked":["Cloak And Dagger","Outmaneuver"],"picked":"After Image","floor":13.0},{"not_picked":["Bullet Time","Envenom"],"picked":"A Thousand Cuts","floor":16.0},{"not_picked":["Slice","Bouncing Flask"],"picked":"Crippling Poison","floor":18.0},{"not_picked":["Accuracy","Setup","Deadly Poison"],"picked":"SKIP","floor":19.0},{"not_picked":["Prepared","Skewer"],"picked":"Catalyst+1","floor":22.0},{"not_picked":["Dagger Spray","Finisher","Bane+1"],"picked":"SKIP","floor":23},{"not_picked":["Dagger Spray+1","Dash"],"picked":"Cloak And Dagger+1","floor":28},{"not_picked":["Eviscerate+1","Masterful Stab","Deadly Poison"],"picked":"SKIP","floor":30},{"not_picked":["Deadly Poison","Storm of Steel"],"picked":"Terror","floor":31}],"player_experience":1194793,"relics_obtained":[{"floor":6.0,"key":"Ancient Tea Set"},{"floor":9.0,"key":"Nunchaku"},{"floor":10.0,"key":"Bottled Lightning"},{"floor":13.0,"key":"Orichalcum"},{"floor":23,"key":"Calipers"},{"floor":30,"key":"Mercury Hourglass"}],"event_choices":[{"cards_removed":["Strike_G"],"damage_healed":0.0,"max_hp_gain":0.0,"max_hp_loss":0.0,"gold_gain":0.0,"event_name":"Purifier","player_choice":"Purged","floor":2.0,"gold_loss":0.0,"damage_taken":0.0},{"damage_healed":0.0,"max_hp_gain":0.0,"max_hp_loss":0.0,"gold_gain":0.0,"event_name":"Dead Adventurer","player_choice":"Searched \u00271\u0027 times","floor":7.0,"gold_loss":0.0,"damage_taken":0.0,"relics_obtained":["Potion Belt"]},{"damage_healed":0.0,"max_hp_gain":0.0,"max_hp_loss":0.0,"gold_gain":75.0,"event_name":"World of Goop","player_choice":"Gather Gold","floor":14.0,"gold_loss":0.0,"damage_taken":11.0},{"damage_healed":0.0,"max_hp_gain":0.0,"max_hp_loss":0.0,"gold_gain":0.0,"cards_transformed":["Sucker Punch"],"event_name":"Transmorgrifier","player_choice":"Transformed","floor":21.0,"gold_loss":0.0,"damage_taken":0.0,"cards_obtained":["Catalyst"]},{"damage_healed":0,"gold_gain":0,"player_choice":"Trade","damage_taken":0,"relics_obtained":["NlothsMask"],"max_hp_gain":0,"max_hp_loss":0,"event_name":"FaceTrader","floor":25,"gold_loss":0}],"is_beta":false,"boss_relics":[{"not_picked":["Runic Dome","Cursed Key"],"picked":"Pandora\u0027s Box"}],"items_purged_floors":[20],"is_endless":false,"potions_floor_spawned":[3,4,6,12,13,16,18,30],"killed_by":"Collector","ascension_level":20}