{"gold_per_floor":[114,134,153,228,16,42,42,55,55,82,82,116,133,180,180,254,254,266,281,281,281,206,206,219,119,167,167,202,202,202,234,234,311,311,325,325,325,340,340,371,382,382,382,409,119,145,145,162,162,162,162,162,162,120,155,155],"floor_reached":57,"playtime":2946,"items_purged":["Strike_B","Strike_B","Strike_B"],"score":2843,"play_id":"d6125680-56c1-429d-9f70-4984ce9647b8","local_time":"20220605224120","is_ascension_mode":true,"campfire_choices":[{"floor":7.0,"key":"REST"},{"data":"Loop","floor":11.0,"key":"SMITH"},{"data":"Coolheaded","floor":15.0,"key":"SMITH"},{"data":"Defragment","floor":23.0,"key":"SMITH"},{"data":"Biased Cognition","floor":27.0,"key":"SMITH"},{"data":"Capacitor","floor":30.0,"key":"SMITH"},{"data":"Turbo","floor":32.0,"key":"SMITH"},{"floor":49,"key":"RECALL"},{"data":"Reboot","floor":53,"key":"SMITH"}],"neow_cost":"NONE","seed_source_timestamp":0,"circlet_count":0,"master_deck":["AscendersBane","Strike_B","Defend_B","Defend_B","Defend_B","Defend_B","Zap","Cold Snap","Sweeping Beam","Echo Form","Loop+1","Ball Lightning","Cold Snap","Turbo+1","Coolheaded+1","Glacier","Biased Cognition+1","Defragment+1","Capacitor+1","Reboot+1","Aggregate","Electrodynamics+1","Core Surge","Defragment+1","Buffer+1","Glacier+1","Machine Learning+1","Defragment+1","Coolheaded+1"],"special_seed":0,"relics":["Cracked Core","Bag of Preparation","Happy Flower","Singing Bowl","Odd Mushroom","Gambling Chip","Blood Vial","Coffee Dripper","Orichalcum","Frozen Egg 2","Bronze Scales","SacredBark","White Beast Statue","Juzu Bracelet","OrangePellets","MealTicket","Mummified Hand"],"potions_floor_usage":[44,56,56],"damage_taken":[{"damage":0.0,"enemies":"Cultist","floor":1.0,"turns":3.0},{"damage":9.0,"enemies":"Jaw Worm","floor":2.0,"turns":4.0},{"damage":10.0,"enemies":"2 Louse","floor":3.0,"turns":3.0},{"damage":20.0,"enemies":"3 Sentries","floor":6.0,"turns":6.0},{"damage":0.0,"enemies":"Blue Slaver","floor":8.0,"turns":4.0},{"damage":5.0,"enemies":"The Mushroom Lair","floor":10.0,"turns":4.0},{"damage":6.0,"enemies":"Lagavulin","floor":12.0,"turns":5.0},{"damage":2.0,"enemies":"Looter","floor":13.0,"turns":3.0},{"damage":1.0,"enemies":"Hexaghost","floor":16.0,"turns":10.0},{"damage":9.0,"enemies":"2 Thieves","floor":18.0,"turns":4.0},{"damage":2.0,"enemies":"Shell Parasite","floor":19.0,"turns":5.0},{"damage":5.0,"enemies":"Snecko","floor":24.0,"turns":7.0},{"damage":12.0,"enemies":"Gremlin Leader","floor":28.0,"turns":5.0},{"damage":35.0,"enemies":"Slavers","floor":31.0,"turns":3.0},{"damage":0.0,"enemies":"Champ","floor":33.0,"turns":7.0},{"damage":0.0,"enemies":"3 Shapes","floor":35.0,"turns":2.0},{"damage":4.0,"enemies":"3 Darklings","floor":38.0,"turns":2.0},{"damage":25,"enemies":"Giant Head","floor":40,"turns":9},{"damage":0,"enemies":"4 Shapes","floor":41,"turns":2},{"damage":6,"enemies":"Nemesis","floor":44,"turns":7},{"damage":0,"enemies":"Reptomancer","floor":46,"turns":5},{"damage":0,"enemies":"Spire Growth","floor":48,"turns":4},{"damage":3,"enemies":"Time Eater","floor":50,"turns":14},{"damage":32,"enemies":"Awakened One","floor":51,"turns":18},{"damage":21,"enemies":"Shield and Spear","floor":55,"turns":6},{"damage":35,"enemies":"The Heart","floor":56,"turns":9}],"seed_played":"-1537606242858149141","potions_obtained":[{"floor":2.0,"key":"SneckoOil"},{"floor":8.0,"key":"Weak Potion"},{"floor":16.0,"key":"FocusPotion"},{"floor":19.0,"key":"AttackPotion"},{"floor":28.0,"key":"SteroidPotion"},{"floor":31.0,"key":"Ancient Potion"},{"floor":33.0,"key":"Explosive Potion"},{"floor":41,"key":"PotionOfCapacity"},{"floor":44,"key":"FearPotion"},{"floor":46,"key":"Ancient Potion"}],"is_trial":false,"path_per_floor":["M","M","M","?","$","E","R","M","T","?","R","E","M","T","R","B",null,"M","M","?","?","$","R","M","$","T","R","E","?","R","E","R","B",null,"M","?","?","M","?","E","M","?","T","E","$","E","$","M","R","B","B",null,"R","$","E","B",null],"character_chosen":"DEFECT","items_purchased":["Bag of Preparation","Ball Lightning","OrangePellets","Defragment+1"],"campfire_rested":1,"item_purchase_floors":[5,5,45,54],"current_hp_per_floor":[64,55,45,34,34,14,35,35,35,32,32,26,24,24,24,25,61,54,56,56,56,56,56,55,55,55,55,45,45,45,14,14,16,63,65,65,65,65,65,42,46,46,46,42,42,46,61,63,63,62,32,69,69,81,60,27],"gold":155,"neow_bonus":"THREE_CARDS","is_prod":false,"is_daily":false,"chose_seed":false,"campfire_upgraded":7,"win_rate":0,"timestamp":1654494080,"path_taken":["M","M","?","?","$","E","R","M","T","?","R","E","M","?","R","BOSS","M","M","?","?","$","R","M","?","T","R","E","?","R","E","R","BOSS","M","?","?","M","?","E","?","?","T","E","?","E","$","M","R","BOSS","BOSS","R","$","E","BOSS"],"build_version":"2022-03-07","purchased_purges":3,"victory":true,"max_hp_per_floor":[71,71,71,71,71,71,71,71,71,73,73,73,73,73,73,73,73,73,75,75,75,75,75,77,77,77,77,77,77,77,79,79,79,79,79,79,79,81,81,81,83,79,79,79,79,81,81,81,81,81,81,81,81,81,81,81],"card_choices":[{"not_picked":["Sweeping Beam","Compile Driver"],"picked":"Cold Snap","floor":0.0},{"not_picked":["Hologram","Gash"],"picked":"Sweeping Beam","floor":1.0},{"not_picked":["Compile Driver","Barrage"],"picked":"Echo Form","floor":2.0},{"not_picked":["Conserve Battery","Sweeping Beam"],"picked":"Loop","floor":3.0},{"not_picked":["Compile Driver","Barrage"],"picked":"Cold Snap","floor":6.0},{"not_picked":["Stack","Gash"],"picked":"Turbo","floor":8.0},{"not_picked":["Redo","Hologram","Rip and Tear"],"picked":"Singing Bowl","floor":10.0},{"not_picked":["Sunder","Ball Lightning"],"picked":"Coolheaded","floor":12.0},{"not_picked":["Conserve Battery","Undo"],"picked":"Glacier","floor":13.0},{"not_picked":["Echo Form","Buffer"],"picked":"Biased Cognition","floor":16.0},{"not_picked":["Turbo","Barrage"],"picked":"Defragment","floor":18.0},{"not_picked":["Hologram","Streamline","Fusion"],"picked":"Singing Bowl","floor":19.0},{"not_picked":["Genetic Algorithm","Reprogram","Heatsinks"],"picked":"Singing Bowl","floor":24.0},{"not_picked":["Lockon+1","Chill"],"picked":"Reboot","floor":28.0},{"not_picked":["Cold Snap","Double Energy","Steam+1"],"picked":"Singing Bowl","floor":31.0},{"not_picked":["Buffer+1","Biased Cognition+1"],"picked":"Core Surge","floor":33.0},{"not_picked":["Beam Cell","Stack"],"picked":"Defragment+1","floor":35.0},{"not_picked":["Scrape","Stack","Lockon"],"picked":"Singing Bowl","floor":38.0},{"not_picked":["Coolheaded","Hologram"],"picked":"Buffer+1","floor":40},{"not_picked":["Steam+1","Conserve Battery","Gash+1"],"picked":"Singing Bowl","floor":41},{"not_picked":["Steam+1","Double Energy"],"picked":"Glacier+1","floor":44},{"not_picked":["Streamline","Hologram+1","Ball Lightning+1"],"picked":"Singing Bowl","floor":46},{"not_picked":["Conserve Battery","Auto Shields+1"],"picked":"Machine Learning+1","floor":48},{"not_picked":["Sweeping Beam","Storm+1"],"picked":"Coolheaded+1","floor":55}],"player_experience":1177441,"relics_obtained":[{"floor":6.0,"key":"Happy Flower"},{"floor":9.0,"key":"Singing Bowl"},{"floor":10.0,"key":"Odd Mushroom"},{"floor":12.0,"key":"Gambling Chip"},{"floor":14.0,"key":"Blood Vial"},{"floor":26.0,"key":"Orichalcum"},{"floor":28.0,"key":"Frozen Egg 2"},{"floor":31.0,"key":"Bronze Scales"},{"floor":40,"key":"White Beast Statue"},{"floor":44,"key":"Juzu Bracelet"},{"floor":46,"key":"MealTicket"},{"floor":55,"key":"Mummified Hand"}],"event_choices":[{"damage_healed":0.0,"max_hp_gain":0.0,"max_hp_loss":0.0,"gold_gain":75.0,"event_name":"World of Goop","player_choice":"Gather Gold","floor":4.0,"gold_loss":0.0,"damage_taken":11.0},{"damage_healed":0.0,"max_hp_gain":0.0,"max_hp_loss":0.0,"gold_gain":0.0,"event_name":"Mushrooms","player_choice":"Fought Mushrooms","floor":10.0,"gold_loss":0.0,"damage_taken":0.0},{"damage_healed":0.0,"max_hp_gain":0.0,"max_hp_loss":0.0,"gold_gain":0.0,"event_name":"The Mausoleum","player_choice":"Ignored","floor":20.0,"gold_loss":0.0,"damage_taken":0.0},{"damage_healed":0.0,"max_hp_gain":0.0,"max_hp_loss":0.0,"gold_gain":0.0,"event_name":"The Library","player_choice":"Read","floor":21.0,"gold_loss":0.0,"damage_taken":0.0,"cards_obtained":["Capacitor"]},{"damage_healed":0.0,"max_hp_gain":0.0,"max_hp_loss":0.0,"gold_gain":0.0,"event_name":"Match and Keep!","player_choice":"2 cards matched","floor":29.0,"gold_loss":0.0,"damage_taken":0.0,"cards_obtained":["Aggregate","Electrodynamics"]},{"damage_healed":0.0,"max_hp_gain":0.0,"max_hp_loss":0.0,"gold_gain":0.0,"event_name":"Tomb of Lord Red Mask","player_choice":"Ignored","floor":36.0,"gold_loss":0.0,"damage_taken":0.0},{"cards_removed":["Dualcast"],"damage_healed":0.0,"max_hp_gain":0.0,"max_hp_loss":0.0,"gold_gain":0.0,"event_name":"Falling","player_choice":"Removed Skill","floor":37.0,"gold_loss":0.0,"damage_taken":0.0},{"damage_healed":0.0,"max_hp_gain":0.0,"max_hp_loss":0.0,"gold_gain":0.0,"event_name":"Match and Keep!","player_choice":"0 cards matched","floor":39.0,"gold_loss":0.0,"damage_taken":0.0,"cards_obtained":[]},{"damage_healed":0,"gold_gain":0,"player_choice":"Max HP","damage_taken":0,"max_hp_gain":0,"max_hp_loss":4,"event_name":"Winding Halls","floor":42,"gold_loss":0}],"is_beta":false,"boss_relics":[{"not_picked":["Tiny House","Black Star"],"picked":"Coffee Dripper"},{"not_picked":["Philosopher\u0027s Stone","Cursed Key"],"picked":"SacredBark"}],"items_purged_floors":[22,25,45],"is_endless":false,"potions_floor_spawned":[2,8,16,19,28,31,33,41,44,46,48,55],"ascension_level":20}