{"gold_per_floor":[11,11,11,24,24,51,66,76,146,164,0,0,0,12,12,89,89,105,105,120,135,135,135,165,175,202,202,213,239,258,272,272,351,351,361,371,371,382,397,429,441,469,469,489,489,514,271,281,281,281,281],"floor_reached":52,"playtime":2524,"items_purged":[],"score":1980,"play_id":"ba2550c8-4d43-4198-9e58-26501b79e2b0","local_time":"20220607092116","is_ascension_mode":true,"campfire_choices":[{"data":"Zap","floor":13.0,"key":"SMITH"},{"data":"Rainbow","floor":15.0,"key":"SMITH"},{"data":"Turbo","floor":23.0,"key":"SMITH"},{"data":"Biased Cognition","floor":27.0,"key":"SMITH"},{"floor":32.0,"key":"REST"},{"data":"Seek","floor":45,"key":"SMITH"},{"data":"Defragment","floor":49,"key":"SMITH"}],"neow_cost":"NO_GOLD","seed_source_timestamp":0,"circlet_count":0,"master_deck":["AscendersBane","Defend_B","Defend_B","Defend_B","Zap+1","Dualcast","Conserve Battery","Lockon","Tempest","Conserve Battery","Reinforced Body","Turbo+1","White Noise","Rainbow+1","Biased Cognition+1","Ball Lightning+1","Seek+1","Steam+1","Defragment+1","Cold Snap+1","Aggregate","Amplify","Go for the Eyes+1","Compile Driver+1","Doom and Gloom+1","Redo+1","Coolheaded+1","Capacitor","Defragment+1","Defragment"],"special_seed":0,"relics":["Cracked Core","Emotion Chip","Molten Egg 2","DataDisk","Runic Pyramid","Boot","Bronze Scales","Bottled Flame","Coffee Dripper","CaptainsWheel","Pantograph","HornCleat","Membership Card"],"potions_floor_usage":[40,50],"damage_taken":[{"damage":4.0,"enemies":"Small Slimes","floor":1.0,"turns":3.0},{"damage":7.0,"enemies":"Jaw Worm","floor":4.0,"turns":2.0},{"damage":29.0,"enemies":"3 Sentries","floor":6.0,"turns":10.0},{"damage":0.0,"enemies":"2 Louse","floor":7.0,"turns":2.0},{"damage":0.0,"enemies":"Large Slime","floor":8.0,"turns":4.0},{"damage":8.0,"enemies":"Lots of Slimes","floor":10.0,"turns":6.0},{"damage":0.0,"enemies":"3 Louse","floor":14.0,"turns":2.0},{"damage":16.0,"enemies":"Hexaghost","floor":16.0,"turns":10.0},{"damage":0.0,"enemies":"Spheric Guardian","floor":18.0,"turns":4.0},{"damage":4.0,"enemies":"2 Thieves","floor":20.0,"turns":3.0},{"damage":0.0,"enemies":"Snake Plant","floor":21.0,"turns":2.0},{"damage":24.0,"enemies":"Slavers","floor":24.0,"turns":4.0},{"damage":0.0,"enemies":"Cultist and Chosen","floor":25.0,"turns":5.0},{"damage":16.0,"enemies":"Chosen and Byrds","floor":28.0,"turns":3.0},{"damage":6.0,"enemies":"Book of Stabbing","floor":29.0,"turns":4.0},{"damage":2.0,"enemies":"Snecko","floor":30.0,"turns":4.0},{"damage":2.0,"enemies":"Centurion and Healer","floor":31.0,"turns":4.0},{"damage":8.0,"enemies":"Automaton","floor":33.0,"turns":11.0},{"damage":0.0,"enemies":"Orb Walker","floor":35.0,"turns":2.0},{"damage":10.0,"enemies":"3 Shapes","floor":36.0,"turns":5.0},{"damage":19.0,"enemies":"Writhing Mass","floor":38.0,"turns":3.0},{"damage":0.0,"enemies":"Transient","floor":39.0,"turns":6.0},{"damage":22,"enemies":"Reptomancer","floor":40,"turns":5},{"damage":3,"enemies":"3 Darklings","floor":41,"turns":3},{"damage":10,"enemies":"Nemesis","floor":42,"turns":5},{"damage":0,"enemies":"4 Shapes","floor":44,"turns":5},{"damage":47,"enemies":"Reptomancer","floor":46,"turns":5},{"damage":0,"enemies":"Writhing Mass","floor":48,"turns":3},{"damage":6,"enemies":"Time Eater","floor":50,"turns":7},{"damage":50,"enemies":"Awakened One","floor":51,"turns":9}],"seed_played":"-8303314628879613481","potions_obtained":[{"floor":4.0,"key":"Regen Potion"},{"floor":6.0,"key":"SteroidPotion"},{"floor":14.0,"key":"Fruit Juice"},{"floor":16.0,"key":"EssenceOfSteel"},{"floor":20.0,"key":"LiquidMemories"},{"floor":21.0,"key":"PowerPotion"},{"floor":22.0,"key":"Regen Potion"},{"floor":25.0,"key":"Strength Potion"},{"floor":28.0,"key":"FairyPotion"},{"floor":31.0,"key":"DistilledChaos"},{"floor":39.0,"key":"Weak Potion"},{"floor":40,"key":"Dexterity Potion"},{"floor":41,"key":"Block Potion"},{"floor":42,"key":"FairyPotion"},{"floor":46,"key":"Block Potion"}],"is_trial":false,"path_per_floor":["M","?","?","M","$","E","M","M","T","M","$","?","R","M","R","B",null,"M","?","M","M","?","R","E","M","T","R","M","E","M","M","R","B",null,"M","M","?","M","M","E","M","E","T","M","R","E","$","M","R","B","B",null],"character_chosen":"DEFECT","items_purchased":["DataDisk","Membership Card","Defragment","Dexterity Potion"],"campfire_rested":1,"item_purchase_floors":[11,47,47,47],"current_hp_per_floor":[60,60,53,46,46,32,32,32,32,24,24,24,24,24,24,13,60,60,60,56,56,56,56,44,44,44,44,28,22,20,18,40,32,65,65,55,55,36,36,14,11,1,1,1,1,22,22,22,22,41,16],"gold":281,"neow_bonus":"TRANSFORM_TWO_CARDS","is_prod":false,"is_daily":false,"chose_seed":false,"campfire_upgraded":6,"win_rate":0,"timestamp":1654618876,"path_taken":["M","?","?","M","?","E","M","M","T","M","$","?","R","M","R","BOSS","M","?","M","?","?","R","E","M","T","R","M","E","M","?","R","BOSS","M","M","?","?","M","E","M","E","T","?","R","E","$","?","R","BOSS","BOSS"],"build_version":"2022-03-07","purchased_purges":0,"victory":true,"max_hp_per_floor":[71,71,71,71,71,71,71,71,71,71,71,71,71,71,71,76,76,76,76,76,76,76,76,76,76,76,76,76,76,76,76,76,76,76,76,76,76,76,76,76,76,76,76,76,76,76,76,76,76,76,76],"card_choices":[{"not_picked":["Redo","Compile Driver"],"picked":"Lockon","floor":1.0},{"not_picked":["Recycle","Gash"],"picked":"Conserve Battery","floor":4.0},{"not_picked":["Beam Cell","Rebound"],"picked":"Reinforced Body","floor":6.0},{"not_picked":["Redo","Reprogram"],"picked":"Turbo","floor":7.0},{"not_picked":["Blizzard","Hologram","Redo"],"picked":"SKIP","floor":8.0},{"not_picked":["Redo","Steam"],"picked":"White Noise","floor":10.0},{"not_picked":["Recycle","Cold Snap+1"],"picked":"Rainbow","floor":14.0},{"not_picked":["Rainbow","Buffer"],"picked":"Biased Cognition","floor":16.0},{"not_picked":["Stack+1","Coolheaded","Hologram"],"picked":"SKIP","floor":18.0},{"not_picked":["Consume","White Noise","Leap"],"picked":"SKIP","floor":20.0},{"not_picked":["BootSequence","Chaos"],"picked":"Seek","floor":21.0},{"not_picked":["Fusion","Redo"],"picked":"Steam+1","floor":24.0},{"not_picked":["Leap","Hello World","Auto Shields"],"picked":"SKIP","floor":25.0},{"not_picked":["Doom and Gloom+1","White Noise"],"picked":"Defragment+1","floor":28.0},{"not_picked":["Rip and Tear+1","Meteor Strike+1"],"picked":"Cold Snap+1","floor":29.0},{"not_picked":["Darkness+1","Tempest"],"picked":"Aggregate","floor":30.0},{"not_picked":["Leap","Beam Cell+1","Aggregate"],"picked":"SKIP","floor":31.0},{"not_picked":["Multi-Cast","All For One+1"],"picked":"Amplify","floor":33.0},{"not_picked":["Sunder+1","Blizzard+1","Ball Lightning+1"],"picked":"SKIP","floor":35.0},{"not_picked":["Leap","Sunder+1"],"picked":"Go for the Eyes+1","floor":36.0},{"not_picked":["Sweeping Beam+1","Rebound+1","Scrape+1"],"picked":"SKIP","floor":38.0},{"not_picked":["Leap","Barrage+1"],"picked":"Compile Driver+1","floor":39.0},{"not_picked":["Machine Learning","Streamline+1"],"picked":"Doom and Gloom+1","floor":40},{"not_picked":["Stack","Rip and Tear+1"],"picked":"Redo+1","floor":41},{"not_picked":["Static Discharge","Conserve Battery"],"picked":"Coolheaded+1","floor":42},{"not_picked":["Streamline+1","Go for the Eyes+1"],"picked":"Capacitor","floor":44},{"not_picked":["Undo","Redo+1","Rip and Tear+1"],"picked":"SKIP","floor":46},{"not_picked":["Compile Driver+1","Reinforced Body"],"picked":"Defragment","floor":48}],"player_experience":1187039,"relics_obtained":[{"floor":6.0,"key":"Emotion Chip"},{"floor":9.0,"key":"Molten Egg 2"},{"floor":24.0,"key":"Boot"},{"floor":26.0,"key":"Bronze Scales"},{"floor":29.0,"key":"Bottled Flame"},{"floor":40,"key":"CaptainsWheel"},{"floor":42,"key":"Pantograph"},{"floor":46,"key":"HornCleat"}],"event_choices":[{"damage_healed":0.0,"max_hp_gain":0.0,"max_hp_loss":0.0,"gold_gain":0.0,"cards_transformed":["Reprogram"],"event_name":"Living Wall","player_choice":"Change","floor":2.0,"gold_loss":0.0,"damage_taken":0.0,"cards_obtained":["Tempest"]},{"cards_removed":["Strike_B"],"damage_healed":0.0,"max_hp_gain":0.0,"max_hp_loss":0.0,"gold_gain":0.0,"event_name":"Golden Wing","player_choice":"Card Removal","floor":3.0,"gold_loss":0.0,"damage_taken":7.0},{"damage_healed":0.0,"max_hp_gain":0.0,"max_hp_loss":0.0,"gold_gain":0.0,"event_name":"Liars Game","player_choice":"Ignored","floor":12.0,"gold_loss":0.0,"damage_taken":0.0},{"damage_healed":0.0,"max_hp_gain":0.0,"max_hp_loss":0.0,"gold_gain":0.0,"cards_transformed":["Strike_B"],"event_name":"Transmorgrifier","player_choice":"Transformed","floor":19.0,"gold_loss":0.0,"damage_taken":0.0,"cards_obtained":["Ball Lightning"]},{"damage_healed":0.0,"max_hp_gain":0.0,"max_hp_loss":0.0,"gold_gain":0.0,"event_name":"Lab","player_choice":"Got Potions","floor":22.0,"gold_loss":0.0,"damage_taken":0.0},{"cards_removed":["Strike_B"],"damage_healed":0.0,"max_hp_gain":0.0,"max_hp_loss":0.0,"gold_gain":0.0,"event_name":"Purifier","player_choice":"Purged","floor":37.0,"gold_loss":0.0,"damage_taken":0.0}],"is_beta":false,"boss_relics":[{"not_picked":["SacredBark","Black Star"],"picked":"Runic Pyramid"},{"not_picked":["Philosopher\u0027s Stone","Busted Crown"],"picked":"Coffee Dripper"}],"items_purged_floors":[],"is_endless":false,"potions_floor_spawned":[4,6,14,16,20,21,25,28,31,39,40,41,42,46],"ascension_level":20}