{"gold_per_floor":[210,224,36,36,52,83,83,94,143,108,108,143,64,77,77,149,149,169,116,41,53,53,81,81,101,101,1,51,77,77,96,96,169,169,182,229,242,117,132,167,211,265,303,353,365,394,444,485,497,509,521,533,545,199,234,234],"floor_reached":57,"playtime":3295,"items_purged":["Bane","Poisoned Stab","Caltrops","Flechettes"],"score":3196,"play_id":"0e74b014-335d-4644-9768-52f2eb34074c","local_time":"20220606220742","is_ascension_mode":true,"campfire_choices":[{"floor":7,"key":"REST"},{"data":"Noxious Fumes","floor":15,"key":"SMITH"},{"floor":24,"key":"REST"},{"floor":30,"key":"REST"},{"data":"Adrenaline","floor":32,"key":"SMITH"},{"floor":45,"key":"RECALL"},{"data":"Prepared","floor":49,"key":"SMITH"},{"data":"Acrobatics","floor":53,"key":"SMITH"}],"neow_cost":"NONE","seed_source_timestamp":844898132830100,"circlet_count":0,"master_deck":["AscendersBane","Survivor","Neutralize","Apotheosis+1","Blade Dance","Acrobatics+1","Footwork","Noxious Fumes+1","Backflip","Adrenaline+1","Eviscerate","Heel Hook","Tactician","Storm of Steel","Infinite Blades","Tools of the Trade","Accuracy","Accuracy","Phantasmal Killer","Accuracy","Reflex","Prepared+1","Blade Dance","Malaise","Acrobatics+1","Backflip","Deflect","PiercingWail+1","Backflip+1","Footwork","Dodge and Roll+1","Well Laid Plans","PiercingWail"],"relics":["Ring of the Snake","Mummified Hand","Vajra","PreservedInsect","Pandora\u0027s Box","Strawberry","Orichalcum","Darkstone Periapt","Bird Faced Urn","HoveringKite","WingedGreaves","MawBank","CeramicFish","Juzu Bracelet","Art of War","Happy Flower","Nunchaku"],"potions_floor_usage":[6,8,16,18,23,36,55,56,56],"damage_taken":[{"damage":3,"enemies":"2 Louse","floor":1,"turns":4},{"damage":6,"enemies":"Cultist","floor":2,"turns":4},{"damage":0,"enemies":"Jaw Worm","floor":5,"turns":4},{"damage":36,"enemies":"Gremlin Nob","floor":6,"turns":4},{"damage":10,"enemies":"Exordium Wildlife","floor":8,"turns":6},{"damage":12,"enemies":"3 Sentries","floor":12,"turns":7},{"damage":6,"enemies":"Blue Slaver","floor":14,"turns":4},{"damage":14,"enemies":"Slime Boss","floor":16,"turns":8},{"damage":16,"enemies":"Shell Parasite","floor":18,"turns":3},{"damage":18,"enemies":"3 Byrds","floor":21,"turns":4},{"damage":0,"enemies":"Slavers","floor":23,"turns":2},{"damage":29,"enemies":"3 Cultists","floor":25,"turns":4},{"damage":3,"enemies":"Book of Stabbing","floor":29,"turns":2},{"damage":0,"enemies":"Shelled Parasite and Fungi","floor":31,"turns":3},{"damage":18,"enemies":"Champ","floor":33,"turns":4},{"damage":5,"enemies":"3 Shapes","floor":35,"turns":4},{"damage":17,"enemies":"2 Orb Walkers","floor":36,"turns":3},{"damage":39,"enemies":"3 Darklings","floor":37,"turns":4},{"damage":24,"enemies":"Spire Growth","floor":39,"turns":3},{"damage":1,"enemies":"Giant Head","floor":40,"turns":3},{"damage":0,"enemies":"Nemesis","floor":41,"turns":3},{"damage":0,"enemies":"Giant Head","floor":42,"turns":3},{"damage":21,"enemies":"Nemesis","floor":44,"turns":5},{"damage":8,"enemies":"4 Shapes","floor":46,"turns":4},{"damage":0,"enemies":"Reptomancer","floor":47,"turns":4},{"damage":0,"enemies":"Sphere and 2 Shapes","floor":48,"turns":3},{"damage":0,"enemies":"Time Eater","floor":50,"turns":7},{"damage":9,"enemies":"Donu and Deca","floor":51,"turns":5},{"damage":22,"enemies":"Shield and Spear","floor":55,"turns":4},{"damage":41,"enemies":"The Heart","floor":56,"turns":8}],"seed_played":"-4617116558433541343","potions_obtained":[{"floor":1,"key":"Explosive Potion"},{"floor":2,"key":"Regen Potion"},{"floor":8,"key":"PowerPotion"},{"floor":12,"key":"CunningPotion"},{"floor":16,"key":"Weak Potion"},{"floor":18,"key":"Ancient Potion"},{"floor":33,"key":"Fire Potion"},{"floor":35,"key":"GhostInAJar"},{"floor":37,"key":"Ancient Potion"},{"floor":46,"key":"FearPotion"},{"floor":55,"key":"EntropicBrew"}],"is_trial":false,"path_per_floor":["M","M","$","?","M","E","R","M","T","?","T","E","$","M","R","B",null,"M","?","$","M","$","E","R","M","T","$","?","E","R","M","R","B",null,"M","?","M","$","M","E","E","E","T","E","R","M","E","M","R","B","B",null,"R","$","E","B",null],"character_chosen":"THE_SILENT","items_purchased":["Apotheosis","Noxious Fumes","Well Laid Plans","EssenceOfSteel","PiercingWail"],"campfire_rested":3,"item_purchase_floors":[3,13,54,54,54],"current_hp_per_floor":[56,50,50,50,50,26,45,35,35,51,51,39,39,33,33,19,54,38,45,45,27,27,27,48,19,19,19,19,16,37,53,53,49,67,73,66,39,39,29,40,54,68,68,52,52,58,72,73,73,73,66,71,71,71,54,31],"gold":234,"neow_bonus":"HUNDRED_GOLD","is_prod":false,"is_daily":false,"chose_seed":false,"campfire_upgraded":4,"win_rate":0,"timestamp":1654578462,"path_taken":["M","M","$","?","?","E","R","M","T","?","?","E","$","M","R","BOSS","M","?","?","?","$","E","R","M","T","$","?","E","R","M","R","BOSS","M","?","M","$","M","E","E","E","T","E","R","M","E","M","R","BOSS","BOSS","R","$","E","BOSS"],"build_version":"2022-03-07","purchased_purges":4,"victory":true,"max_hp_per_floor":[66,66,66,66,66,66,66,66,66,66,66,66,66,66,66,66,66,66,73,73,73,73,73,73,73,73,73,73,73,73,73,73,73,73,73,73,73,73,73,73,73,73,73,73,73,73,73,73,73,73,73,73,73,73,73,73],"card_choices":[{"not_picked":["Heel Hook","Dodge and Roll"],"picked":"Flechettes","floor":1},{"not_picked":["Cloak And Dagger","Slice"],"picked":"Bane","floor":2},{"not_picked":["Predator","Dagger Spray"],"picked":"Blade Dance","floor":5},{"not_picked":["Slice","Night Terror"],"picked":"Acrobatics","floor":6},{"not_picked":["Deadly Poison","Reflex"],"picked":"Footwork","floor":8},{"not_picked":["Predator","PiercingWail"],"picked":"Caltrops","floor":12},{"not_picked":["Infinite Blades","Blade Dance"],"picked":"Backflip","floor":14},{"not_picked":["A Thousand Cuts","Night Terror"],"picked":"Adrenaline","floor":16},{"not_picked":["Masterful Stab","Setup","Underhanded Strike"],"picked":"SKIP","floor":18},{"not_picked":["Dagger Throw","Deadly Poison"],"picked":"Accuracy","floor":21},{"not_picked":["Finisher+1","Tactician"],"picked":"Reflex","floor":23},{"not_picked":["Endless Agony","Sucker Punch"],"picked":"Prepared","floor":25},{"not_picked":["Bane+1","Bouncing Flask","Underhanded Strike+1"],"picked":"SKIP","floor":29},{"not_picked":["Flying Knee","Quick Slash"],"picked":"Blade Dance","floor":31},{"not_picked":["Unload","Bullet Time"],"picked":"Malaise","floor":33},{"not_picked":["Endless Agony","Finisher"],"picked":"Acrobatics+1","floor":35},{"not_picked":["Flying Knee","Bane","Slice"],"picked":"SKIP","floor":37},{"not_picked":["Dagger Throw","Deflect"],"picked":"Backflip","floor":39},{"not_picked":["Setup","PiercingWail"],"picked":"Deflect","floor":40},{"not_picked":["Sucker Punch","Blade Dance+1","Choke+1"],"picked":"SKIP","floor":41},{"not_picked":["Storm of Steel","Corpse Explosion"],"picked":"PiercingWail+1","floor":42},{"not_picked":["Calculated Gamble","Acrobatics"],"picked":"Backflip+1","floor":44},{"not_picked":["Crippling Poison","Catalyst","Deadly Poison+1"],"picked":"SKIP","floor":46},{"not_picked":["Noxious Fumes","Quick Slash+1"],"picked":"Footwork","floor":47},{"not_picked":["PiercingWail","Poisoned Stab"],"picked":"Dodge and Roll+1","floor":48},{"not_picked":["Accuracy","Deadly Poison+1","Dash"],"picked":"SKIP","floor":55}],"player_experience":1183744,"relics_obtained":[{"floor":6,"key":"Mummified Hand"},{"floor":9,"key":"Vajra"},{"floor":12,"key":"PreservedInsect"},{"floor":23,"key":"Orichalcum"},{"floor":26,"key":"Darkstone Periapt"},{"floor":29,"key":"Bird Faced Urn"},{"floor":36,"key":"WingedGreaves"},{"floor":40,"key":"MawBank"},{"floor":41,"key":"CeramicFish"},{"floor":42,"key":"Juzu Bracelet"},{"floor":43,"key":"Art of War"},{"floor":44,"key":"Happy Flower"},{"floor":47,"key":"Nunchaku"}],"event_choices":[{"damage_healed":0,"gold_gain":0,"player_choice":"Forge","damage_taken":0,"max_hp_gain":0,"max_hp_loss":0,"event_name":"Accursed Blacksmith","floor":4,"gold_loss":0,"cards_upgraded":["Apotheosis"]},{"damage_healed":16,"gold_gain":0,"player_choice":"Healed","damage_taken":0,"max_hp_gain":0,"max_hp_loss":0,"event_name":"The Cleric","floor":10,"gold_loss":35},{"damage_healed":0,"gold_gain":0,"player_choice":"Paid Gold","damage_taken":0,"relics_obtained":["Strawberry"],"max_hp_gain":0,"max_hp_loss":0,"event_name":"WeMeetAgain","floor":19,"gold_loss":53},{"damage_healed":0,"gold_gain":50,"player_choice":"Pray","damage_taken":0,"max_hp_gain":0,"max_hp_loss":0,"event_name":"Golden Shrine","floor":28,"gold_loss":0},{"damage_healed":0,"gold_gain":0,"player_choice":"Fight","damage_taken":0,"max_hp_gain":0,"max_hp_loss":0,"event_name":"Mysterious Sphere","floor":36,"gold_loss":0}],"is_beta":false,"boss_relics":[{"not_picked":["Empty Cage","Snecko Eye"],"picked":"Pandora\u0027s Box"},{"not_picked":["SacredBark","Busted Crown"],"picked":"HoveringKite"}],"items_purged_floors":[20,27,38,54],"is_endless":false,"potions_floor_spawned":[1,2,8,12,16,18,33,35,37,42,46,47,55],"ascension_level":20}